@Article{Bohn2015ImpactOP,
 author = {B. Bohn and A. Herbst and M. Pfeifer and D. Krakow and S. Zimny and F. Kopp and A. Melmer and J. Steinacker and R. Holl},
 booktitle = {Diabetes Care},
 journal = {Diabetes Care},
 pages = {1536 - 1543},
 title = {Impact of Physical Activity on Glycemic Control and Prevalence of Cardiovascular Risk Factors in Adults With Type 1 Diabetes: A Cross-sectional Multicenter Study of 18,028 Patients},
 volume = {38},
 year = {2015}
}


@Article{Seiglie2020DiabetesPA,
 author = {J. Seiglie and M. Marcus and Cara Ebert and Nikolaos Prodromidis and P. Geldsetzer and M. Theilmann and K. Agoudavi and Glennis Andall-Brereton and K. Aryal and B. Bicaba and P. Bovet and G. Brian and M. Dorobanu and G. Gathecha and M. Gurung and D. Guwatudde and Mohamed Msaidi and C. Houehanou and D. Houinato and J. Jrgensen and G. Kagaruki and K. Karki and D. Labadarios and J. Martins and Mary T Mayige and R. Wong-McClure and J. K. Mwangi and Omar Mwalim and Bolormaa Norov and Sarah Quesnel-Crooks and Bahendeka K Silver and L. Sturua and Lindiwe Tsabedze and C. Wesseh and A. Stokes and R. Atun and J. Davies and S. Vollmer and T. Brnighausen and L. Jaacks and J. Meigs and D. Wexler and J. Manne-Goehler},
 booktitle = {Diabetes Care},
 journal = {Diabetes Care},
 pages = {767 - 775},
 title = {Diabetes Prevalence and Its Relationship With Education, Wealth, and BMI in 29 Low- and Middle-Income Countries},
 volume = {43},
 year = {2020}
}


@Article{Logue2013AssociationBB,
 author = {J. Logue and Jeremy J. Walker and G. Leese and R. Lindsay and J. McKnight and A. Morris and S. Philip and S. Wild and N. Sattar},
 booktitle = {Diabetes Care},
 journal = {Diabetes Care},
 pages = {887 - 893},
 title = {Association Between BMI Measured Within a Year After Diagnosis of Type 2 Diabetes and Mortality},
 volume = {36},
 year = {2013}
}


@Article{Pham2019EthnicDI,
 author = {T. Pham and J. Carpenter and T. Morris and Manuj Sharma and I. Petersen},
 booktitle = {Clinical Epidemiology},
 journal = {Clinical Epidemiology},
 pages = {1081 - 1088},
 title = {Ethnic Differences in the Prevalence of Type 2 Diabetes Diagnoses in the UK: Cross-Sectional Analysis of the Health Improvement Network Primary Care Database},
 volume = {11},
 year = {2019}
}


@Article{Heslin2021SexualOD,
 author = {K. Heslin and Jeffrey E. Hall},
 booktitle = {MMWR. Morbidity and mortality weekly report},
 journal = {Morbidity and Mortality Weekly Report},
 pages = {149 - 154},
 title = {Sexual Orientation Disparities in Risk Factors for Adverse COVID-19Related Outcomes, by Race/Ethnicity  Behavioral Risk Factor Surveillance System, United States, 20172019},
 volume = {70},
 year = {2021}
}


@Article{Aiello2019LargescaleAH,
 author = {L. Aiello and R. Schifanella and D. Quercia and Lucia Del Prete},
 booktitle = {EPJ Data Science},
 journal = {EPJ Data Science},
 title = {Large-scale and high-resolution analysis of food purchases and health outcomes},
 volume = {8},
 year = {2019}
}


@Article{Aune2015PhysicalAA,
 author = {D. Aune and T. Norat and M. Leitzmann and S. Tonstad and L. Vatten},
 booktitle = {European Journal of Epidemiology},
 journal = {European Journal of Epidemiology},
 pages = {529-542},
 title = {Physical activity and the risk of type 2 diabetes: a systematic review and doseresponse meta-analysis},
 volume = {30},
 year = {2015}
}


@Article{Davis2010StateBasedEO,
 author = {W. Davis and V. Parsons and D. Xie and N. Schenker and M. Town and T. Raghunathan and E. Feuer},
 booktitle = {Public health reports (1974)},
 journal = {Public Health Reports},
 pages = {567 - 578},
 title = {State-Based Estimates of Mammography Screening Rates Based on Information from Two Health Surveys},
 volume = {125},
 year = {2010}
}


@Article{Li2015ParsimoniousTR,
 author = {Lexin Li and Xin Zhang},
 journal = {Journal of the American Statistical Association},
 pages = {1131 - 1146},
 title = {Parsimonious Tensor Response Regression},
 volume = {112},
 year = {2015}
}


@Article{Hjerkind2017AdiposityPA,
 author = {K. V. Hjerkind and J. S. Stenehjem and T. Nilsen},
 booktitle = {BMJ Open},
 journal = {BMJ Open},
 title = {Adiposity, physical activity and risk of diabetes mellitus: prospective data from the population-based HUNT study, Norway},
 volume = {7},
 year = {2017}
}


@Article{Kanaley2022ExercisePhysicalAI,
 author = {J. Kanaley and S. Colberg and Matthew H. Corcoran and S. Malin and N. Rodriguez and C. Crespo and J. Kirwan and J. Zierath},
 booktitle = {Medicine \& Science in Sports \& Exercise},
 journal = {Medicine \& Science in Sports \& Exercise},
 pages = {353 - 368},
 title = {Exercise/Physical Activity in Individuals with Type 2 Diabetes: A Consensus Statement from the American College of Sports Medicine},
 volume = {54},
 year = {2022}
}


@Article{Chen2018AssociationOB,
 author = {Ying Chen and Xiao-Ping Zhang and Jie Yuan and Bo-zhi Cai and Xiao-Li Wang and Xiao-li Wu and Yueqi Zhang and Xiao-Yi Zhang and T. Yin and Xiaohui Zhu and Y. Gu and S. Cui and Zhidong Lu and Xiao-ying Li},
 booktitle = {BMJ Open},
 journal = {BMJ Open},
 title = {Association of body mass index and age with incident diabetes in Chinese adults: a population-based cohort study},
 volume = {8},
 year = {2018}
}


@Article{Gustavsson2014FTOGP,
 author = {Jaana Gustavsson and K. Mehlig and K. Leander and L. Lissner and L. Bjrck and A. Rosengren and F. Nyberg},
 booktitle = {Circulation: Cardiovascular Genetics},
 journal = {Circulation: Cardiovascular Genetics},
 pages = {171177},
 title = {FTO Genotype, Physical Activity, and Coronary Heart Disease Risk in Swedish Men and Women},
 volume = {7},
 year = {2014}
}


@Article{Boffetta2011BodyMI,
 author = {P. Boffetta and D. McLerran and Yu Chen and M. Inoue and R. Sinha and Jiang He and P. Gupta and S. Tsugane and F. Irie and A. Tamakoshi and Yu-Tang Gao and X. Shu and Renwei Wang and I. Tsuji and S. Kuriyama and K. Matsuo and H. Satoh and Chien-Jen Chen and Jian-Min Yuan and K. Yoo and H. Ahsan and W. Pan and D. Gu and M. Pednekar and S. Sasazuki and T. Sairenchi and Gong Yang and Y. Xiang and M. Nagai and Hideo Tanaka and Y. Nishino and S. You and W. Koh and Sue-Kyung Park and Chen-Yang Shen and M. Thornquist and D. Kang and Betsy Rolland and Ziding Feng and W. Zheng and J. Potter},
 booktitle = {PLoS ONE},
 journal = {PLoS ONE},
 title = {Body Mass Index and Diabetes in Asia: A Cross-Sectional Pooled Analysis of 900,000 Individuals in the Asia Cohort Consortium},
 volume = {6},
 year = {2011}
}


@Article{Lam2012TheWD,
 author = {David W Lam and D. Leroith},
 booktitle = {Current Opinion in Endocrinology, Diabetes \& Obesity},
 journal = {Current Opinion in Endocrinology \& Diabetes and Obesity},
 pages = {9396},
 title = {The worldwide diabetes epidemic},
 volume = {19},
 year = {2012}
}


@Article{Khanam2019PrevalenceAR,
 author = {F. Khanam and M. B. Hossain and S. Mistry and K. Afsana and Mahfuzar Rahman},
 booktitle = {Journal of Epidemiology and Global Health},
 journal = {Journal of Epidemiology and Global Health},
 pages = {176 - 184},
 title = {Prevalence and Risk Factors of Cardiovascular Diseases among Bangladeshi Adults: Findings from a Cross-sectional Study},
 volume = {9},
 year = {2019}
}
