@Article{Myers2020ImpactOT,
 author = {Patrick J Myers and Arika G. Gupta},
 booktitle = {Hospital Pediatrics},
 journal = {Hospital pediatrics},
 title = {Impact of the Revised NRP Meconium Aspiration Guidelines on Term Infant Outcomes.},
 year = {2020}
}


@Article{Reynolds2009TheGH,
 author = {R. Reynolds and Jobeth W Pilcher and Ashley Ring and R. Johnson and Pam S. McKinley},
 booktitle = {Neonatal Network},
 journal = {Neonatal Network},
 pages = {211 - 219},
 title = {The Golden Hour: Care of the LBW Infant During the First Hour of Life One Units Experience},
 volume = {28},
 year = {2009}
}


@Article{Yu2020ClinicalFA,
 author = {Nan Yu and Wei Li and Qingling Kang and Z. Xiong and Shao-shuai Wang and Xingguang Lin and Yanyan Liu and Juan Xiao and Haiyi Liu and D. Deng and Suhua Chen and W. Zeng and Ling Feng and Jianli Wu},
 booktitle = {Lancet. Infectious Diseases (Print)},
 journal = {The Lancet. Infectious Diseases},
 pages = {559 - 564},
 title = {Clinical features and obstetric and neonatal outcomes of pregnant patients with COVID-19 in Wuhan, China: a retrospective, single-centre, descriptive study},
 volume = {20},
 year = {2020}
}


@Inproceedings{Stevenson2019DescriptorA,
 author = {N. J. Stevenson and K. Tapani and L. Lauronen and S. Vanhatalo},
 title = {Descriptor : A dataset of neonatal EEG recordings with seizure annotations},
 year = {2019}
}


@Article{Dol2017TheIO,
 author = {J. Dol and M. Campbell-Yeo and G. Murphy and M. Aston and D. McMillan and B. Richardson},
 booktitle = {The JBI Database of Systematic Reviews and Implementation Reports},
 journal = {JBI Database of Systematic Reviews and Implementation Reports},
 pages = {701737},
 title = {The impact of the Helping Babies Survive program on neonatal outcomes and health provider skills: a systematic review},
 volume = {16},
 year = {2017}
}


@Article{Singhal2012HelpingBB,
 author = {N. Singhal and J. Lockyer and H. Fidler and W. Keenan and G. Little and S. Bucher and Maqbool Qadir and S. Niermeyer},
 booktitle = {Resuscitation},
 journal = {Resuscitation},
 pages = {
          90-6
        },
 title = {Helping Babies Breathe: global neonatal resuscitation program development and formative educational evaluation.},
 volume = {83 1},
 year = {2012}
}


@Article{Acolet2011ImprovementIN,
 author = {D. Acolet and E. Allen and R. Houston and A. Wilkinson and K. Costeloe and D. Elbourne},
 booktitle = {Archives of Disease in Childhood: Fetal and Neonatal Edition},
 journal = {Archives of Disease in Childhood: Fetal and Neonatal Edition},
 pages = {F434 - F439},
 title = {Improvement in neonatal intensive care unit care: a cluster randomised controlled trial of active dissemination of information},
 volume = {96},
 year = {2011}
}


@Article{Sori2016MeconiumSA,
 author = {Demisew Amenu Sori and A. Belete and M. Wolde},
 journal = {Gynecology \& Obstetrics},
 pages = {1-6},
 title = {Meconium Stained Amniotic Fluid: Factors affecting Maternal and Perinatal Outcomes at Jimma University Specialized Teaching Hospital, South West Ethiopia},
 volume = {6},
 year = {2016}
}


@Article{Thomas2010TeamTI,
 author = {E. Thomas and Amber L. Williams and E. F. Reichman and R. Lasky and S. Crandell and W. R. Taggart},
 booktitle = {Pediatrics},
 journal = {Pediatrics},
 pages = {539 - 546},
 title = {Team Training in the Neonatal Resuscitation Program for Interns: Teamwork and Quality of Resuscitations},
 volume = {125},
 year = {2010}
}


@Article{Baergen2001MorbidityMA,
 author = {R. Baergen and D. Malicki and C. Behling and K. Benirschke},
 booktitle = {Pediatric and Developmental Pathology},
 journal = {Pediatric and Developmental Pathology},
 pages = {144-153},
 title = {Morbidity, Mortality, and Placental Pathology in Excessively Long Umbilical Cords: Retrospective Study},
 volume = {4},
 year = {2001}
}


@Article{Brent2013SheddingLO,
 author = {D. Brent and Michael Silverstein},
 booktitle = {Journal of the American Medical Association (JAMA)},
 journal = {JAMA},
 pages = {
          1777-8
        },
 title = {Shedding light on the long shadow of childhood adversity.},
 volume = {309 17},
 year = {2013}
}


@Article{Xy1997TheIO,
 author = {Zhuang Xy and Fang Hq and Zeng Sp and Liou Ym and Lin Hl and Shi Sz},
 journal = {Singapore Medical Journal},
 pages = {485-487},
 title = {The impact of the neonatal resuscitation program guidelines (NRPG) on the neonatal mortality in a hospital in Zhuhai, China.},
 volume = {38},
 year = {1997}
}


@Article{Bierlaire2020HowTM,
 author = {Stphanie Bierlaire and O. Danhaive and Katherine Carkeek and F. Piersigilli},
 booktitle = {European Journal of Pediatrics},
 journal = {European Journal of Pediatrics},
 pages = {449 - 460},
 title = {How to minimize central lineassociated bloodstream infections in a neonatal intensive care unit: a quality improvement intervention based on a retrospective analysis and the adoption of an evidence-based bundle},
 volume = {180},
 year = {2020}
}


@Article{Henao-Villada2016ImpactOT,
 author = {Ricardo Henao-Villada and M. Sossa-Briceo and C. RodrguezMartnez},
 booktitle = {Therapeutic Advances in Respiratory Disease},
 journal = {Therapeutic Advances in Respiratory Disease},
 pages = {425 - 434},
 title = {Impact of the implementation of an evidence-based guideline on diagnostic testing, management, and clinical outcomes for infants with bronchiolitis},
 volume = {10},
 year = {2016}
}


@Article{Kamath-Rayne2018HelpingBB,
 author = {B. Kamath-Rayne and A. Thukral and Michael K. Visick and E. Schoen and Erick E Amick and A. Deorari and C. Cain and W. Keenan and N. Singhal and G. Little and S. Niermeyer},
 booktitle = {Global Health: Science and Practice Journal},
 journal = {Global Health: Science and Practice},
 pages = {538 - 551},
 title = {Helping Babies Breathe, Second Edition: A Model for Strengthening Educational Programs to Increase Global Newborn Survival},
 volume = {6},
 year = {2018}
}


@Article{Rovamo2015EffectOA,
 author = {L. Rovamo and E. Nurmi and Minna-Maria Mattila and P. Suominen and M. Silvennoinen},
 booktitle = {BMC Research Notes},
 journal = {BMC Research Notes},
 title = {Effect of a simulation-based workshop on multidisplinary teamwork of newborn emergencies: an intervention study},
 volume = {8},
 year = {2015}
}
