@Inproceedings{Rolle-Lake2020BehavioralRF,
 author = {Lenzetta Rolle-Lake and E. Robbins},
 title = {Behavioral Risk Factor Surveillance System (BRFSS)},
 year = {2020}
}


@Article{Wahid2016QuantifyingTA,
 author = {A. Wahid and Nishma Manek and Melanie Nichols and P. Kelly and C. Foster and P. Webster and A. Kaur and C. Friedemann Smith and Elizabeth Wilkins and M. Rayner and N. Roberts and P. Scarborough},
 booktitle = {Journal of the American Heart Association : Cardiovascular and Cerebrovascular Disease},
 journal = {Journal of the American Heart Association: Cardiovascular and Cerebrovascular Disease},
 title = {Quantifying the Association Between Physical Activity and Cardiovascular Disease and Diabetes: A Systematic Review and MetaAnalysis},
 volume = {5},
 year = {2016}
}


@Article{Simmons2016EffectOP,
 author = {D. Simmons and R. Devlieger and A. van Assche and Goele Jans and S. Galjaard and R. Corcoy and J. Adelantado and F. Dunne and G. Desoye and J. Harreiter and A. Kautzky-Willer and P. Damm and E. Mathiesen and D. M. Jensen and L. Andersen and A. Lapolla and M. Dalfr and A. Bertolotto and E. Wender-Oegowska and A. Zawiejska and D. Hill and F. Snoek and J. Jelsma and M. V. van Poppel},
 booktitle = {Journal of Clinical Endocrinology and Metabolism},
 journal = {The Journal of clinical endocrinology and metabolism},
 pages = {
          903-913
        },
 title = {Effect of Physical Activity and/or Healthy Eating on GDM Risk: The DALI Lifestyle Study.},
 volume = {102 3},
 year = {2016}
}


@Article{Pierannunzi2013ASR,
 author = {Carol Pierannunzi and S. Hu and L. Balluz},
 booktitle = {BMC Medical Research Methodology},
 journal = {BMC Medical Research Methodology},
 pages = {49 - 49},
 title = {A systematic review of publications assessing reliability and validity of the Behavioral Risk Factor Surveillance System (BRFSS), 20042011},
 volume = {13},
 year = {2013}
}


@Article{Bohn2015ImpactOP,
 author = {B. Bohn and A. Herbst and M. Pfeifer and D. Krakow and S. Zimny and F. Kopp and A. Melmer and J. Steinacker and R. Holl},
 booktitle = {Diabetes Care},
 journal = {Diabetes Care},
 pages = {1536 - 1543},
 title = {Impact of Physical Activity on Glycemic Control and Prevalence of Cardiovascular Risk Factors in Adults With Type 1 Diabetes: A Cross-sectional Multicenter Study of 18,028 Patients},
 volume = {38},
 year = {2015}
}


@Article{Nelson2001ReliabilityAV,
 author = {D. Nelson and D. Holtzman and Julie Bolen and C. Stanwyck and K. Mack},
 booktitle = {Sozial- und Prventivmedizin},
 journal = {Sozial- und Praventivmedizin},
 pages = {
          S3-42
        },
 title = {Reliability and validity of measures from the Behavioral Risk Factor Surveillance System (BRFSS).},
 volume = {46 Suppl 1},
 year = {2001}
}


@Article{Boruvka2016AssessingTC,
 author = {A. Boruvka and D. Almirall and K. Witkiewitz and S. Murphy},
 booktitle = {Journal of the American Statistical Association},
 journal = {Journal of the American Statistical Association},
 pages = {1112 - 1121},
 title = {Assessing Time-Varying Causal Effect Moderation in Mobile Health},
 volume = {113},
 year = {2016}
}


@Article{Paradies2015RacismAA,
 author = {Y. Paradies and J. Ben and N. Denson and A. Elias and N. Priest and Alex L. Pieterse and Arpana Gupta and M. Kelaher and G. Gee},
 booktitle = {PLoS ONE},
 journal = {PLoS ONE},
 title = {Racism as a Determinant of Health: A Systematic Review and Meta-Analysis},
 volume = {10},
 year = {2015}
}


@Article{Mora2007PhysicalAA,
 author = {S. Mora and N. Cook and J. Buring and P. Ridker and I. Lee},
 booktitle = {Circulation},
 journal = {Circulation},
 pages = {2110-2118},
 title = {Physical Activity and Reduced Risk of Cardiovascular Events: Potential Mediating Mechanisms},
 volume = {116},
 year = {2007}
}


@Article{Zhao2020PhysicalAL,
 author = {Fanfan Zhao and Wentao Wu and Xiaojie Feng and Chengzhuo Li and Didi Han and Xiaojuan Guo and Jun Lyu},
 booktitle = {Diabetes Therapy},
 journal = {Diabetes Therapy},
 pages = {1303 - 1316},
 title = {Physical Activity Levels and Diabetes Prevalence in US Adults: Findings from NHANES 20152016},
 volume = {11},
 year = {2020}
}


@Article{Akter2014PrevalenceOD,
 author = {S. Akter and Md. Mizanur Rahman and Sarah Krull Abe and P. Sultana},
 booktitle = {Bulletin of the World Health Organization},
 journal = {Bulletin of the World Health Organization},
 pages = {
          204-13, 213A
        },
 title = {Prevalence of diabetes and prediabetes and their risk factors among Bangladeshi adults: a nationwide survey.},
 volume = {92 3},
 year = {2014}
}


@Article{Churilla2008PhysicalAP,
 author = {J. Churilla and R. Zoeller},
 journal = {American Journal of Lifestyle Medicine},
 pages = {118 - 125},
 title = {Physical Activity: Physical Activity and the Metabolic Syndrome: A Review of the Evidence},
 volume = {2},
 year = {2008}
}


@Article{Mayega2013DiabetesAP,
 author = {R. Mayega and D. Guwatudde and F. Makumbi and F. Nakwagala and S. Peterson and G. Tomson and C. Ostenson},
 booktitle = {PLoS ONE},
 journal = {PLoS ONE},
 title = {Diabetes and Pre-Diabetes among Persons Aged 35 to 60 Years in Eastern Uganda: Prevalence and Associated Factors},
 volume = {8},
 year = {2013}
}


@Article{Shi2013PhysicalAS,
 author = {Liang Shi and X. Shu and Hong-Lan Li and H. Cai and Qiaolan Liu and W. Zheng and Y. Xiang and R. Villegas},
 booktitle = {PLoS ONE},
 journal = {PLoS ONE},
 title = {Physical Activity, Smoking, and Alcohol Consumption in Association with Incidence of Type 2 Diabetes among Middle-Aged and Elderly Chinese Men},
 volume = {8},
 year = {2013}
}


@Article{Wu2014RiskFC,
 author = {Yanling Wu and Y. Ding and Yoshimasa Tanaka and Wen Zhang},
 booktitle = {International Journal of Medical Sciences},
 journal = {International Journal of Medical Sciences},
 pages = {1185 - 1200},
 title = {Risk Factors Contributing to Type 2 Diabetes and Recent Advances in the Treatment and Prevention},
 volume = {11},
 year = {2014}
}


@Article{Kaizu2014ImpactOL,
 author = {Shinako Kaizu and H. Kishimoto and M. Iwase and H. Fujii and T. Ohkuma and Hitoshi Ide and T. Jodai and Y. Kikuchi and Yasuhiro Idewaki and Y. Hirakawa and Udai Nakamura and T. Kitazono},
 booktitle = {PLoS ONE},
 journal = {PLoS ONE},
 title = {Impact of Leisure-Time Physical Activity on Glycemic Control and Cardiovascular Risk Factors in Japanese Patients with Type 2 Diabetes Mellitus: The Fukuoka Diabetes Registry},
 volume = {9},
 year = {2014}
}


@Article{Mao2022PhysicalAR,
 author = {W. Mao and Lei Zhang and Si Sun and Jianping Wu and X. Zou and Guangyuan Zhang and Ming Chen},
 booktitle = {Frontiers in Public Health},
 journal = {Frontiers in Public Health},
 title = {Physical Activity Reduces the Effect of High Body Mass Index on Kidney Stones in Diabetes Participants From the 20072018 NHANES Cycles: A Cross-Sectional Study},
 volume = {10},
 year = {2022}
}


@Article{Aldossari2018PrevalenceOP,
 author = {K. Aldossari and Abdulrahman Aldiab and Jamaan Alzahrani and S. Al-Ghamdi and M. Abdelrazik and M. Batais and Sundas Javad and S. Nooruddin and H. Razzak and A. El-Metwally},
 booktitle = {Journal of Diabetes Research},
 journal = {Journal of Diabetes Research},
 title = {Prevalence of Prediabetes, Diabetes, and Its Associated Risk Factors among Males in Saudi Arabia: A Population-Based Survey},
 volume = {2018},
 year = {2018}
}


@Article{Rask-Andersen2017GeneenvironmentIS,
 author = {M. Rask-Andersen and T. Karlsson and W. Ek and . Johansson},
 booktitle = {PLoS Genetics},
 journal = {PLoS Genetics},
 title = {Gene-environment interaction study for BMI reveals interactions between genetic factors and physical activity, alcohol consumption and socioeconomic status},
 volume = {13},
 year = {2017}
}


@Article{Peer2012RisingDP,
 author = {N. Peer and K. Steyn and C. Lombard and E. Lambert and B. Vythilingum and N. Levitt},
 booktitle = {PLoS ONE},
 journal = {PLoS ONE},
 title = {Rising Diabetes Prevalence among Urban-Dwelling Black South Africans},
 volume = {7},
 year = {2012}
}


@Article{Casagrande2013ThePO,
 author = {Sarah Stark Casagrande and J. Fradkin and S. Saydah and Keith F. Rust and C. Cowie},
 booktitle = {Diabetes Care},
 journal = {Diabetes Care},
 pages = {2271 - 2279},
 title = {The Prevalence of Meeting A1C, Blood Pressure, and LDL Goals Among People With Diabetes, 19882010},
 volume = {36},
 year = {2013}
}
