@Article{Rost2022TrachealTM,
 author = {Franziska Rost and B. Donaubauer and H. Kirsten and T. Schwarz and P. Zimmermann and M. Siekmeyer and Daniel Grfe and Sebastian Ebel and C. Kleber and M. Lacher and M. Struck},
 booktitle = {Children},
 journal = {Children},
 title = {Tracheal Tube Misplacement after Emergency Intubation in Pediatric Trauma Patients: A Retrospective, Exploratory Study},
 volume = {9},
 year = {2022}
}


@Article{Ingelse2017EarlyFO,
 author = {S. A. Ingelse and H. Wiegers and J. Calis and J. V. van Woensel and R. A. Bem},
 booktitle = {Pediatric Critical Care Medicine},
 journal = {Pediatric Critical Care Medicine},
 pages = {e106e111},
 title = {Early Fluid Overload Prolongs Mechanical Ventilation in Children With Viral-Lower Respiratory Tract Disease*},
 volume = {18},
 year = {2017}
}


@Article{Takita2003TheHF,
 author = {K. Takita and Y. Morimoto and O. Kemmotsu},
 booktitle = {Journal of Cardiothoracic and Vascular Anesthesia},
 journal = {Journal of cardiothoracic and vascular anesthesia},
 pages = {
          412-3
        },
 title = {The height-based formula for prediction of left-sided double-lumen tracheal tube depth.},
 volume = {17 3},
 year = {2003}
}


@Article{Baumeister1997EvaluationOP,
 author = {B. Baumeister and M. El-Khatib and Paul G. Smith and J. Blumer},
 booktitle = {Pediatric Pulmonology},
 journal = {Pediatric Pulmonology},
 title = {Evaluation of predictors of weaning from mechanical ventilation in pediatric patients},
 volume = {24},
 year = {1997}
}


@Article{Holmes2018AirwayMP,
 author = {M. Holmes and A. Dagal and B. Feinstein and A. Joffe},
 booktitle = {Anesthesia and Analgesia},
 journal = {Anesthesia \& Analgesia},
 pages = {450454},
 title = {Airway Management Practice in Adults With an Unstable Cervical Spine: The Harborview Medical Center Experience},
 volume = {127},
 year = {2018}
}


@Article{Driver2018EffectOU,
 author = {B. Driver and M. Prekker and L. Klein and R. Reardon and J. Miner and E. Fagerstrom and Mitchell Cleghorn and J. McGill and J. Cole},
 booktitle = {Journal of the American Medical Association (JAMA)},
 journal = {JAMA},
 pages = {21792189},
 title = {Effect of Use of a Bougie vs Endotracheal Tube and Stylet on First-Attempt Intubation Success Among Patients With Difficult Airways Undergoing Emergency Intubation: A Randomized Clinical Trial},
 volume = {319},
 year = {2018}
}


@Article{Mariano2005ACO,
 author = {E. Mariano and C. Ramamoorthy and L. Chu and Michael I. Chen and G. Hammer},
 booktitle = {Paediatric anaesthesia},
 journal = {Pediatric Anesthesia},
 title = {A comparison of three methods for estimating appropriate tracheal tube depth in children},
 volume = {15},
 year = {2005}
}


@Article{Tareerath2021AccuracyOA,
 author = {Matula Tareerath and Peerachatra Mangmeesri},
 booktitle = {Ear, nose, \& throat journal},
 journal = {Ear, Nose \& Throat Journal},
 pages = {193 - 197},
 title = {Accuracy of Age-Based Formula to Predict the Size and Depth of Cuffed Oral Preformed Endotracheal Tubes in Children Undergoing Tonsillectomy},
 volume = {102},
 year = {2021}
}


@Article{Kim2016PredictionOE,
 author = {H. Kim and J. Cheon and S. Baek and Kyung-Hoon Kim and Tae Kyun Kim},
 booktitle = {Korean Journal of Anesthesiology},
 journal = {Korean Journal of Anesthesiology},
 pages = {52 - 57},
 title = {Prediction of endotracheal tube size for pediatric patients from the epiphysis diameter of radius},
 volume = {70},
 year = {2016}
}


@Article{Yoo2021DeepLF,
 author = {J. Yoo and S. Kang and Jong Sun Park and Y. Cho and S. Park and H. Yoon and Sang Jun Park and H. Jeong and Tackeun Kim},
 booktitle = {Scientific Reports},
 journal = {Scientific Reports},
 title = {Deep learning for anatomical interpretation of video bronchoscopy images},
 volume = {11},
 year = {2021}
}


@Article{Mosier2015ThePD,
 author = {J. Mosier and Raj Joshi and C. Hypes and Garrett S. Pacheco and Terence Valenzuela and J. Sakles},
 booktitle = {Western Journal of Emergency Medicine},
 journal = {Western Journal of Emergency Medicine},
 pages = {1109 - 1117},
 title = {The Physiologically Difficult Airway},
 volume = {16},
 year = {2015}
}


@Article{Kumar2020AccuratePO,
 author = {R. Kumar and R. Arora and V. Bansal and V. Sahayasheela and Himanshu Buckchash and J. Imran and N. Narayanan and G. Pandian and B. Raman},
 booktitle = {medRxiv},
 journal = {medRxiv},
 title = {Accurate Prediction of COVID-19 using Chest X-Ray Images through Deep Feature Learning model with SMOTE and Machine Learning Classifiers},
 year = {2020}
}


@Article{Wolfler2011DailyPO,
 author = {A. Wolfler and Edoardo Calderoni and G. Ottonello and G. Conti and S. Baroncini and P. Santuz and P. Vitale and I. Salvo},
 booktitle = {Pediatric Critical Care Medicine},
 journal = {Pediatric Critical Care Medicine},
 pages = {141-146},
 title = {Daily practice of mechanical ventilation in Italian pediatric intensive care units: A prospective survey*},
 volume = {12},
 year = {2011}
}


@Article{Traiber2009ProfileAC,
 author = {C. Traiber and J. Piva and C. C. Fritsher and P. Garcia and P. Lago and E. A. Trotta and C. Ricachinevsky and F. Bueno and V. Baecker and Bianca D Lisboa},
 booktitle = {Pediatric Critical Care Medicine},
 journal = {Pediatric Critical Care Medicine},
 pages = {375-380},
 title = {Profile and consequences of children requiring prolonged mechanical ventilation in three Brazilian pediatric intensive care units},
 volume = {10},
 year = {2009}
}


@Article{Chen2018DeterminingCT,
 author = {Xuanling Chen and W. Zhai and Zhuoying Yu and J. Geng and Min Li},
 booktitle = {BMJ Open},
 journal = {BMJ Open},
 title = {Determining correct tracheal tube insertion depth by measuring distance between endotracheal tube cuff and vocal cords by ultrasound in Chinese adults: a prospective case-control study},
 volume = {8},
 year = {2018}
}
