@Article{Sariaslan2015DoesPD,
 author = {A. Sariaslan and H. Larsson and B. DOnofrio and Niklas Lngstrm and S. Fazel and P. Lichtenstein},
 booktitle = {Schizophrenia bulletin},
 journal = {Schizophrenia bulletin},
 pages = {
          494-502
        },
 title = {Does population density and neighborhood deprivation predict schizophrenia? A nationwide Swedish family-based study of 2.4 million individuals.},
 volume = {41 2},
 year = {2015}
}


@Article{Salmivaara2013UsingGD,
 author = {A. Salmivaara and M. Kummu and M. Keskinen and O. Varis},
 booktitle = {Environmental Management},
 journal = {Environmental Management},
 pages = {897-911},
 title = {Using Global Datasets to Create Environmental Profiles for Data-Poor Regions: A Case from the Irrawaddy and Salween River Basins},
 volume = {51},
 year = {2013}
}


@Article{Simas2011ImpactOU,
 author = {T. M. Simas and Xun Liao and A. Garrison and Gina M T Sullivan and A. Howard and Janet R. Hardy},
 booktitle = {Journal of Women's Health},
 journal = {Journal of women's health},
 pages = {
          837-44
        },
 title = {Impact of updated Institute of Medicine guidelines on prepregnancy body mass index categorization, gestational weight gain recommendations, and needed counseling.},
 volume = {20 6},
 year = {2011}
}


@Article{Raghu2015AnOA,
 author = {G. Raghu and B. Rochwerg and Y. Zhang and C. C. Garcia and A. Azuma and J. Behr and J. Broek and H. Collard and W. Cunningham and S. Homma and T. Johkoh and F. Martinez and J. Myers and Shandra L. Protzko and L. Richeldi and D. Rind and M. Selman and A. Theodore and A. Wells and H. Hoogsteden and H. Schunemann},
 booktitle = {American Journal of Respiratory and Critical Care Medicine},
 journal = {American journal of respiratory and critical care medicine},
 pages = {
          e3-19
        },
 title = {An Official ATS/ERS/JRS/ALAT Clinical Practice Guideline: Treatment of Idiopathic Pulmonary Fibrosis. An Update of the 2011 Clinical Practice Guideline.},
 volume = {192 2},
 year = {2015}
}


@Article{Adams2003GuidelinesFT,
 author = {H. Adams and R. Adams and T. Brott and G. D. del Zoppo and A. Furlan and L. Goldstein and R. Grubb and R. Higashida and C. Kidwell and T. Kwiatkowski and J. Marler and G. Hademenos},
 booktitle = {Stroke},
 journal = {Stroke: Journal of the American Heart Association},
 pages = {1056-1083},
 title = {Guidelines for the Early Management of Patients With Ischemic Stroke: A Scientific Statement From the Stroke Council of the American Stroke Association},
 volume = {34},
 year = {2003}
}


@Article{Otto20202020AG,
 author = {C. Otto and Rick A. Nishimura and R. Bonow and B. Carabello and J. Erwin and F. Gentile and H. Jneid and E. Krieger and M. Mack and Christopher J. McLeod and P. O'Gara and V. Rigolin and T. Sundt and Annemarie Thompson and Christopher Toly},
 booktitle = {Circulation},
 journal = {Circulation},
 title = {2020 ACC/AHA Guideline for the Management of Patients With Valvular Heart Disease: Executive Summary: A Report of the American College of Cardiology/American Heart Association Joint Committee on Clinical Practice Guidelines.},
 year = {2020}
}


@Article{Anderson2020ESHREGF,
 author = {R. Anderson and F. Amant and D. Braat and A. D'Angelo and S. M. Chuva de Sousa Lopes and I. Demeestere and Sandra Dwek and L. Frith and M. Lambertini and Caroline Maslin and M. Moura-Ramos and D. Nogueira and K. Rodriguez-Wallberg and N. Vermeulen},
 booktitle = {Human Reproduction Open},
 journal = {Human Reproduction Open},
 title = {ESHRE guideline: female fertility preservation},
 volume = {2020},
 year = {2020}
}


@Article{Gerhard-Herman20162016AG,
 author = {M. Gerhard-Herman and H. Gornik and Coletta Barrett and L. Mureebe and N. Barshes and J. Olin and M. Corriere and R. Patel and D. Drachman and J. Regensteiner and L. Fleisher and A. Schanzer and F. G. Fowkes and K. Stewart and S. Kinlay and R. Lookstein and M. Walsh and S. Misra and Federico Gentile and S. Gidding and B. Bozkurt and M. Hlatky and R. Brindis and J. Cigarroa and J. Joglar and L. Curtis and D. Wijeysundera},
 booktitle = {Circulation},
 journal = {Circulation},
 pages = {e726 - e779},
 title = {2016 AHA/ACC Guideline on the Management of Patients With Lower Extremity Peripheral Artery Disease},
 volume = {135},
 year = {2016}
}


@Article{Carbine2000VideoRA,
 author = {Douglas N. Carbine and N. Finer and E. Knodel and W. Rich},
 booktitle = {Pediatrics},
 journal = {Pediatrics},
 pages = {654 - 658},
 title = {Video Recording as a Means of Evaluating Neonatal Resuscitation Performance},
 volume = {106},
 year = {2000}
}
