@Article{Kress2000DailyIO,
 author = {J. Kress and A. Pohlman and M. OConnor and J.B. Hall},
 booktitle = {New England Journal of Medicine},
 journal = {The New England journal of medicine},
 pages = {
          1471-7
        },
 title = {Daily interruption of sedative infusions in critically ill patients undergoing mechanical ventilation.},
 volume = {342 20},
 year = {2000}
}


@Article{Mariano2005ACO,
 author = {E. Mariano and C. Ramamoorthy and L. Chu and Michael I. Chen and G. Hammer},
 booktitle = {Paediatric anaesthesia},
 journal = {Pediatric Anesthesia},
 title = {A comparison of three methods for estimating appropriate tracheal tube depth in children},
 volume = {15},
 year = {2005}
}


@Article{Kerrey2009APC,
 author = {B. Kerrey and G. Geis and A. Quinn and R. Hornung and R. Ruddy},
 booktitle = {Pediatrics},
 journal = {Pediatrics},
 pages = {e1039 - e1044},
 title = {A Prospective Comparison of Diaphragmatic Ultrasound and Chest Radiography to Determine Endotracheal Tube Position in a Pediatric Emergency Department},
 volume = {123},
 year = {2009}
}


@Article{Roberts2020CommonPA,
 author = {M. Roberts and D. Driggs and Matthew Thorpe and J. Gilbey and Michael Yeung and Stephan Ursprung and Angelica I. Avils-Rivero and Christian Etmann and C. McCague and L. Beer and J. Weir-McCall and Z. Teng and E. Gkrania-Klotsas and Alessandro Anna Emily Emmanuel Georg Ghassem Guang Helmut Jac Ruggiero Korhonen Jefferson Ako Langs Gozaliasl Ya and A. Ruggiero and A. Korhonen and E. Jefferson and E. Ako and G. Langs and G. Gozaliasl and Guang Yang and H. Prosch and J. Preller and Jan Stanczuk and Jingjing Tang and J. Hofmanninger and J. Babar and L. E. Sanchez and M. Thillai and Paula Martin Gonzalez and P. Teare and Xiaoxiang Zhu and Mishal N. Patel and Conor Cafolla and H. Azadbakht and Joseph Jacob and Josh Lowe and Kang Zhang and Kyle Bradley and Marcel Wassin and Markus Holzer and Kangyu Ji and Maria Delgado Ortet and T. Ai and N. Walton and P. Li and S. Stranks and Tolou Shadbahr and Weizhe Lin and Y. Zha and Zhangming Niu and J. H. Rudd and E. Sala and C. Schnlieb},
 booktitle = {Nature Machine Intelligence},
 journal = {Nature Machine Intelligence},
 pages = {199 - 217},
 title = {Common pitfalls and recommendations for using machine learning to detect and prognosticate for COVID-19 using chest radiographs and CT scans},
 volume = {3},
 year = {2020}
}


@Article{Fleuren2020MachineLF,
 author = {L. Fleuren and T. Klausch and Charlotte L. Zwager and L. Schoonmade and Tingjie Guo and Luca F Roggeveen and E. Swart and A. Girbes and P. Thoral and A. Ercole and M. Hoogendoorn and P. Elbers},
 booktitle = {Intensive Care Medicine},
 journal = {Intensive Care Medicine},
 pages = {383 - 400},
 title = {Machine learning for the prediction of sepsis: a systematic review and meta-analysis of diagnostic test accuracy},
 volume = {46},
 year = {2020}
}


@Article{Spence2003DeepVS,
 author = {K. Spence and D. Gillies and L. Waterworth},
 booktitle = {Cochrane Database of Systematic Reviews},
 journal = {The Cochrane database of systematic reviews},
 pages = {
          CD003309
        },
 title = {Deep versus shallow suction of endotracheal tubes in ventilated neonates and young infants.},
 volume = {3},
 year = {2003}
}


@Conference{Ma2020MachineLI,
 author = {Juncheng Ma},
 booktitle = {2020 2nd International Conference on Machine Learning, Big Data and Business Intelligence (MLBDBI)},
 journal = {2020 2nd International Conference on Machine Learning, Big Data and Business Intelligence (MLBDBI)},
 pages = {167-172},
 title = {Machine Learning in Predicting Diabetes in the Early Stage},
 year = {2020}
}


@Article{Khera2021UseOM,
 author = {R. Khera and Julian S Haimovich and N. Hurley and R. McNamara and J. Spertus and N. Desai and J. Rumsfeld and F. Masoudi and Chenxi Huang and S. Normand and B. Mortazavi and H. Krumholz},
 booktitle = {JAMA cardiology},
 journal = {JAMA cardiology},
 title = {Use of Machine Learning Models to Predict Death After Acute Myocardial Infarction.},
 year = {2021}
}


@Article{Tsai2020TransferLW,
 author = {Yun-Yun Tsai and Pin-Yu Chen and Tsung-Yi Ho},
 booktitle = {International Conference on Machine Learning},
 journal = {ArXiv},
 title = {Transfer Learning without Knowing: Reprogramming Black-box Machine Learning Models with Scarce Data and Limited Resources},
 volume = {abs/2007.08714},
 year = {2020}
}


@Article{Vellido2019TheIO,
 author = {A. Vellido},
 booktitle = {Neural computing \& applications (Print)},
 journal = {Neural Computing and Applications},
 pages = {18069 - 18083},
 title = {The importance of interpretability and visualization in machine learning for applications in medicine and health care},
 volume = {32},
 year = {2019}
}


@Article{Ng2020PredictingTS,
 author = {M. Ng and Jin Zhao and Qingyu Yan and G. Conduit and Z. Seh},
 booktitle = {Nature Machine Intelligence},
 journal = {Nature Machine Intelligence},
 pages = {161-170},
 title = {Predicting the state of charge and health of batteries using data-driven machine learning},
 volume = {2},
 year = {2020}
}


@Article{Licker2007PerioperativeMM,
 author = {M. Licker and A. Schweizer and C. Ellenberger and J. Tschopp and J. Diaper and F. Clergue},
 booktitle = {International Journal of COPD},
 journal = {International Journal of Chronic Obstructive Pulmonary Disease},
 pages = {493 - 515},
 title = {Perioperative medical management of patients with COPD},
 volume = {2},
 year = {2007}
}
