@Article{Mileder2021TelesimulationAA,
 author = {L. Mileder and Michael Bereiter and T. Wegscheider},
 booktitle = {Medical Education Online},
 journal = {Medical Education Online},
 title = {Telesimulation as a modality for neonatal resuscitation training},
 volume = {26},
 year = {2021}
}


@Article{Lindhard2021SimulationBasedNR,
 author = {M. Lindhard and Signe Thim and H. Laursen and A. Schram and C. Paltved and T. Henriksen},
 booktitle = {Pediatrics},
 journal = {Pediatrics},
 title = {Simulation-Based Neonatal Resuscitation Team Training: A Systematic Review},
 volume = {147},
 year = {2021}
}


@Article{Myers2020ImpactOT,
 author = {Patrick J Myers and Arika G. Gupta},
 booktitle = {Hospital Pediatrics},
 journal = {Hospital pediatrics},
 title = {Impact of the Revised NRP Meconium Aspiration Guidelines on Term Infant Outcomes.},
 year = {2020}
}


@Article{Okun2016NewbornSF,
 author = {J. Okun and H. Gan-Schreier and T. Ben-Omran and Kathrin V. Schmidt and J. Fang-Hoffmann and G. Gramer and G. Abdoh and Noora Shahbeck and H. Al Rifai and Abdul Latif Al Khal and Gisela Haege and C. Chiang and D. Kasper and B. Wilcken and P. Burgard and G. Hoffmann},
 booktitle = {JIMD Reports},
 journal = {JIMD reports},
 pages = {
          87-94
        },
 title = {Newborn Screening for Vitamin B6 Non-responsive Classical Homocystinuria: Systematical Evaluation of a Two-Tier Strategy.},
 volume = {32},
 year = {2016}
}


@Article{Jacobs2004CardiacAA,
 author = {I. Jacobs and V. Nadkarni and J. Bahr and R. Berg and J. Billi and L. Bossaert and P. Cassan and A. Coovadia and K. D'este and J. Finn and H. Halperin and A. Handley and J. Herlitz and R. Hickey and A. Idris and W. Kloeck and G. Larkin and M. Mancini and P. Mason and G. Mears and K. Monsieurs and W. Montgomery and P. Morley and G. Nichol and J. Nolan and K. Okada and J. Perlman and M. Shuster and P. Steen and F. Sterz and J. Tibballs and S. Timerman and T. Truitt and D. Zideman},
 booktitle = {Circulation},
 journal = {Circulation},
 pages = {
          3385-97
        },
 title = {Cardiac arrest and cardiopulmonary resuscitation outcome reports: update and simplification of the Utstein templates for resuscitation registries: a statement for healthcare professionals from a task force of the International Liaison Committee on Resuscitation (American Heart Association, European },
 volume = {110 21},
 year = {2004}
}


@Article{Rubertsson2014MechanicalCC,
 author = {S. Rubertsson and E. Lindgren and D. Smkal and O. stlund and J. Silfverstolpe and R. Lichtveld and R. Boomars and Bjrn Ahlstedt and G. Skoog and Robert Kastberg and David Halliwell and M. Box and J. Herlitz and R. Karlsten},
 booktitle = {Journal of the American Medical Association (JAMA)},
 journal = {JAMA},
 pages = {
          53-61
        },
 title = {Mechanical chest compressions and simultaneous defibrillation vs conventional cardiopulmonary resuscitation in out-of-hospital cardiac arrest: the LINC randomized trial.},
 volume = {311 1},
 year = {2014}
}


@Article{Chandrasekharan2020NeonatalRA,
 author = {Praveen K. Chandrasekharan and M. Vento and D. Trevisanuto and Elizabeth Partridge and M. Underwood and J. Wiedeman and A. Katheria and S. Lakshminrusimha},
 booktitle = {American Journal of Perinatology},
 journal = {American Journal of Perinatology},
 pages = {813 - 824},
 title = {Neonatal Resuscitation and Postresuscitation Care of Infants Born to Mothers with Suspected or Confirmed SARS-CoV-2 Infection},
 volume = {37},
 year = {2020}
}


@Article{Olasveengen2009IntravenousDA,
 author = {T. Olasveengen and K. Sunde and C. Brunborg and Jon Thowsen and P. Steen and L. Wik},
 booktitle = {Journal of the American Medical Association (JAMA)},
 journal = {JAMA},
 pages = {
          2222-9
        },
 title = {Intravenous drug administration during out-of-hospital cardiac arrest: a randomized trial.},
 volume = {302 20},
 year = {2009}
}


@Article{Bhutta2005CommunityBasedIF,
 author = {Z. Bhutta and G. Darmstadt and B. Hasan and Rachel A. Haws},
 booktitle = {Pediatrics},
 journal = {Pediatrics},
 pages = {519 - 617},
 title = {Community-Based Interventions for Improving Perinatal and Neonatal Health Outcomes in Developing Countries: A Review of the Evidence},
 volume = {115},
 year = {2005}
}


@Article{Grossman2017AnIT,
 author = {M. Grossman and Adam K. Berkwitt and Rachel Osborn and Yaqing Xu and D. Esserman and E. Shapiro and M. Bizzarro},
 booktitle = {Pediatrics},
 journal = {Pediatrics},
 title = {An Initiative to Improve the Quality of Care of Infants With Neonatal Abstinence Syndrome},
 volume = {139},
 year = {2017}
}


@Article{Link2015Part7A,
 author = {M. Link and L. Berkow and P. Kudenchuk and H. Halperin and E. Hess and V. Moitra and R. Neumar and B. ONeil and J. Paxton and S. Silvers and Roger D. White and D. Yannopoulos and M. Donnino},
 booktitle = {Circulation},
 journal = {Circulation},
 pages = {
          S444-64
        },
 title = {Part 7: Adult Advanced Cardiovascular Life Support: 2015 American Heart Association Guidelines Update for Cardiopulmonary Resuscitation and Emergency Cardiovascular Care.},
 volume = {132 18 Suppl 2},
 year = {2015}
}


@Article{Hutton2015OutcomesAW,
 author = {E. Hutton and A. Cappelletti and A. Reitsma and Julia C Simioni and J. Horne and Caroline McGregor and Rashid J. Ahmed},
 booktitle = {Canadian Medical Association Journal},
 journal = {Canadian Medical Association Journal},
 pages = {E80 - E90},
 title = {Outcomes associated with planned place of birth among women with low-risk pregnancies},
 volume = {188},
 year = {2015}
}


@Article{Carbine2000VideoRA,
 author = {Douglas N. Carbine and N. Finer and E. Knodel and W. Rich},
 booktitle = {Pediatrics},
 journal = {Pediatrics},
 pages = {654 - 658},
 title = {Video Recording as a Means of Evaluating Neonatal Resuscitation Performance},
 volume = {106},
 year = {2000}
}


@Article{Chiruvolu2018DeliveryRM,
 author = {Arpitha Chiruvolu and Kimberly K. Miklis and E. Chen and Barbara Petrey and Sujata Desai},
 booktitle = {Pediatrics},
 journal = {Pediatrics},
 title = {Delivery Room Management of Meconium-Stained Newborns and Respiratory Support},
 volume = {142},
 year = {2018}
}


@Article{Kamath-Rayne2018HelpingBB,
 author = {B. Kamath-Rayne and A. Thukral and Michael K. Visick and E. Schoen and Erick E Amick and A. Deorari and C. Cain and W. Keenan and N. Singhal and G. Little and S. Niermeyer},
 booktitle = {Global Health: Science and Practice Journal},
 journal = {Global Health: Science and Practice},
 pages = {538 - 551},
 title = {Helping Babies Breathe, Second Edition: A Model for Strengthening Educational Programs to Increase Global Newborn Survival},
 volume = {6},
 year = {2018}
}


@Article{Stock2012OutcomesOE,
 author = {S. Stock and E. Ferguson and A. Duffy and I. Ford and J. Chalmers and J. Norman},
 booktitle = {British medical journal},
 journal = {The BMJ},
 title = {Outcomes of elective induction of labour compared with expectant management: population based study},
 volume = {344},
 year = {2012}
}


@Inproceedings{Study2018EpidemiologyCS,
 author = {Study and MohdYunus and V. Agarwal and P. Tomer and Priyanka Gupta and A. Upadhyay},
 title = {Epidemiology, Clinical Spectrum and Outcomes of Fungal Sepsis in Neonates in Neonatal Intensive Care Unit: A Prospective Observational Study},
 year = {2018}
}


@Article{Sondaal2016AssessingTE,
 author = {Stephanie F. V. Sondaal and J. Browne and M. Amoakoh-Coleman and A. Borgstein and A. S. Miltenburg and M. Verwijs and K. KlipsteinGrobusch},
 booktitle = {PLoS ONE},
 journal = {PLoS ONE},
 title = {Assessing the Effect of mHealth Interventions in Improving Maternal and Neonatal Care in Low- and Middle-Income Countries: A Systematic Review},
 volume = {11},
 year = {2016}
}


@Article{Amoakoh-Coleman2016EffectivenessOM,
 author = {M. Amoakoh-Coleman and A. Borgstein and S. F. Sondaal and D. Grobbee and A. S. Miltenburg and M. Verwijs and E. Ansah and J. Browne and K. KlipsteinGrobusch},
 booktitle = {Journal of Medical Internet Research},
 journal = {Journal of Medical Internet Research},
 title = {Effectiveness of mHealth Interventions Targeting Health Care Workers to Improve Pregnancy Outcomes in Low- and Middle-Income Countries: A Systematic Review},
 volume = {18},
 year = {2016}
}


@Article{Howard2020PerinatalMH,
 author = {L. Howard and H. Khalifeh},
 booktitle = {World Psychiatry},
 journal = {World Psychiatry},
 title = {Perinatal mental health: a review of progress and challenges},
 volume = {19},
 year = {2020}
}
