@Article{Farvid2010DeterminantsOF,
 author = {M. Farvid and S. Rabiee and Fa Homayoni and B. Rashidkhani and V. Arian},
 journal = {Iranian Journal of Endocrinology and Metabolism},
 pages = {89-98},
 title = {Determinants of fruit and vegetable consumption in type 2 diabetics in Tehran.},
 volume = {12},
 year = {2010}
}


@Article{Caceres2019AssessingGI,
 author = {Billy A. Caceres and K. Jackman and D. Edmondson and W. Bockting},
 booktitle = {Journal of behavioral medicine},
 journal = {Journal of Behavioral Medicine},
 pages = {329-338},
 title = {Assessing gender identity differences in cardiovascular disease in US adults: an analysis of data from the 20142017 BRFSS},
 volume = {43},
 year = {2019}
}


@Article{McEwen2013AnalysisOB,
 author = {M. McEwen and Pei-Chao Lin and A. Pasvogel},
 booktitle = {The diabetes educator},
 journal = {The Diabetes Educator},
 pages = {742 - 751},
 title = {Analysis of Behavior Risk Factor Surveillance System Data to Assess the Health of Hispanics With Diabetes in US-Mexico Border Communities},
 volume = {39},
 year = {2013}
}


@Article{Iachan2016NationalWO,
 author = {Ronaldo Iachan and Carol Pierannunzi and Kristie Healey and K. Greenlund and Machell Town},
 booktitle = {BMC Medical Research Methodology},
 journal = {BMC Medical Research Methodology},
 title = {National weighting of data from the Behavioral Risk Factor Surveillance System (BRFSS)},
 volume = {16},
 year = {2016}
}


@Article{Martnez-Gonzlez2011LowCO,
 author = {M. Martnez-Gonzlez and C. De la Fuente-Arrillaga and C. Lopez-del-Burgo and Z. Vzquez-Ruiz and S. Benito and M. Ruz-Canela},
 booktitle = {Public Health Nutrition},
 journal = {Public Health Nutrition},
 pages = {2309 - 2315},
 title = {Low consumption of fruit and vegetables and risk of chronic disease: a review of the epidemiological evidence and temporal trends among Spanish graduates},
 volume = {14},
 year = {2011}
}


@Article{Wild2006RiskFF,
 author = {S. Wild and C. Byrne},
 booktitle = {British medical journal},
 journal = {BMJ : British Medical Journal},
 pages = {1009 - 1011},
 title = {Risk factors for diabetes and coronary heart disease},
 volume = {333},
 year = {2006}
}


@Article{Ford2008GenderDI,
 author = {E. Ford and A. Mokdad and Chaoyang Li and L. Mcguire and T. Strine and C. Okoro and David W. Brown and M. Zack},
 booktitle = {Journal of Women's Health},
 journal = {Journal of women's health},
 pages = {
          757-68
        },
 title = {Gender differences in coronary heart disease and health-related quality of life: findings from 10 states from the 2004 behavioral risk factor surveillance system.},
 volume = {17 5},
 year = {2008}
}


@Article{Wu2014RiskFC,
 author = {Yanling Wu and Y. Ding and Yoshimasa Tanaka and Wen Zhang},
 booktitle = {International Journal of Medical Sciences},
 journal = {International Journal of Medical Sciences},
 pages = {1185 - 1200},
 title = {Risk Factors Contributing to Type 2 Diabetes and Recent Advances in the Treatment and Prevention},
 volume = {11},
 year = {2014}
}


@Inproceedings{Cohen1979AppliedMR,
 author = {Jacob Cohen and P. Cohen and S. West and L. Aiken},
 title = {Applied multiple regression/correlation analysis for the behavioral sciences},
 year = {1979}
}


@Article{Neuenschwander2019RoleOD,
 author = {M. Neuenschwander and Aurlie Ballon and K. Weber and T. Norat and D. Aune and L. Schwingshackl and S. Schlesinger},
 booktitle = {British medical journal},
 journal = {The BMJ},
 title = {Role of diet in type 2 diabetes incidence: umbrella review of meta-analyses of prospective observational studies},
 volume = {366},
 year = {2019}
}


@Article{Sperandei2014UnderstandingLR,
 author = {Sandro Sperandei},
 booktitle = {Biochemia Medica},
 journal = {Biochemia Medica},
 pages = {12 - 18},
 title = {Understanding logistic regression analysis},
 volume = {24},
 year = {2014}
}


@Article{Akter2014PrevalenceOD,
 author = {S. Akter and Md. Mizanur Rahman and Sarah Krull Abe and P. Sultana},
 booktitle = {Bulletin of the World Health Organization},
 journal = {Bulletin of the World Health Organization},
 pages = {
          204-13, 213A
        },
 title = {Prevalence of diabetes and prediabetes and their risk factors among Bangladeshi adults: a nationwide survey.},
 volume = {92 3},
 year = {2014}
}


@Article{Wing2011BenefitsOM,
 author = {R. Wing and W. Lang and T. Wadden and M. Safford and W. Knowler and A. Bertoni and James O Hill and F. Brancati and A. Peters and L. Wagenknecht},
 booktitle = {Diabetes Care},
 journal = {Diabetes Care},
 pages = {1481 - 1486},
 title = {Benefits of Modest Weight Loss in Improving Cardiovascular Risk Factors in Overweight and Obese Individuals With Type 2 Diabetes},
 volume = {34},
 year = {2011}
}


@Article{Conklin2016DietaryDD,
 author = {A. Conklin and P. Monsivais and K. Khaw and N. Wareham and N. Forouhi},
 booktitle = {PLoS Medicine},
 journal = {PLoS Medicine},
 title = {Dietary Diversity, Diet Cost, and Incidence of Type 2 Diabetes in the United Kingdom: A Prospective Cohort Study},
 volume = {13},
 year = {2016}
}


@Article{Chan1994ObesityFD,
 author = {J. Chan and E. Rimm and G. Colditz and M. Stampfer and W. Willett},
 booktitle = {Diabetes Care},
 journal = {Diabetes Care},
 pages = {961 - 969},
 title = {Obesity, Fat Distribution, and Weight Gain as Risk Factors for Clinical Diabetes in Men},
 volume = {17},
 year = {1994}
}


@Article{Singh2013TheAQ,
 author = {Gitanjali M Singh and G. Danaei and F. Farzadfar and G. Stevens and M. Woodward and D. Wormser and S. Kaptoge and G. Whitlock and Q. Qiao and S. Lewington and E. Di Angelantonio and S. Vander Hoorn and C. Lawes and Mohammed K. Ali and D. Mozaffarian and M. Ezzati},
 booktitle = {PLoS ONE},
 journal = {PLoS ONE},
 title = {The Age-Specific Quantitative Effects of Metabolic Risk Factors on Cardiovascular Diseases and Diabetes: A Pooled Analysis},
 volume = {8},
 year = {2013}
}


@Article{Chen2022TheAB,
 author = {Bo Chen and J. Zeng and Minghui Qin and Wenlei Xu and Zhaoxia Zhang and Xiaying Li and Shaoyong Xu},
 booktitle = {Frontiers in Nutrition},
 journal = {Frontiers in Nutrition},
 title = {The Association Between Plant-Based Diet Indices and Obesity and Metabolic Diseases in Chinese Adults: Longitudinal Analyses From the China Health and Nutrition Survey},
 volume = {9},
 year = {2022}
}


@Article{Lam2012TheWD,
 author = {David W Lam and D. Leroith},
 booktitle = {Current Opinion in Endocrinology, Diabetes \& Obesity},
 journal = {Current Opinion in Endocrinology \& Diabetes and Obesity},
 pages = {9396},
 title = {The worldwide diabetes epidemic},
 volume = {19},
 year = {2012}
}


@Article{Jardim2019CardiometabolicDC,
 author = {T. Jardim and D. Mozaffarian and S. Abrahams-Gessel and S. Sy and Yujin Lee and Junxiu Liu and Yue Huang and C. Rehm and P. Wilde and R. Micha and T. Gaziano},
 booktitle = {PLoS Medicine},
 journal = {PLoS Medicine},
 title = {Cardiometabolic disease costs associated with suboptimal diet in the United States: A cost analysis based on a microsimulation model},
 volume = {16},
 year = {2019}
}


@Article{Garduo-Diaz2012PrevalenceRF,
 author = {S. Garduo-Diaz and S. Khokhar},
 booktitle = {Diabetes/Metabolism Research Reviews},
 journal = {Diabetes/Metabolism Research and Reviews},
 title = {Prevalence, risk factors and complications associated with type 2 diabetes in migrant South Asians},
 volume = {28},
 year = {2012}
}
