@Article{Crews2021ClinicalPI,
 author = {K. Crews and A. Monte and Rachel Huddart and K. Caudle and E. Kharasch and A. Gaedigk and H. Dunnenberger and J. Leeder and J. Callaghan and C. Samer and T. Klein and Cyrine E. Haidar and S. V. Van Driest and G. Ruao and K. Sangkuhl and L. Cavallari and D. Mller and C. Prows and M. Nagy and A. Somogyi and T. Skaar},
 booktitle = {Clinical pharmacology and therapy},
 journal = {Clinical Pharmacology \& Therapeutics},
 title = {Clinical Pharmacogenetics Implementation Consortium Guideline for CYP2D6, OPRM1, and COMT Genotypes and Select Opioid Therapy},
 volume = {110},
 year = {2021}
}


@Article{Stevenson2019ADO,
 author = {N. Stevenson and N. Stevenson and N. Stevenson and K. Tapani and L. Lauronen and L. Lauronen and S. Vanhatalo and S. Vanhatalo},
 booktitle = {Scientific Data},
 journal = {Scientific Data},
 title = {A dataset of neonatal EEG recordings with seizure annotations},
 volume = {6},
 year = {2019}
}


@Article{Wyckoff2015Part1N,
 author = {M. Wyckoff and K. Aziz and M. Escobedo and V. Kapadia and J. Kattwinkel and J. Perlman and W. Simon and G. Weiner and J. Zaichkin},
 booktitle = {Circulation},
 journal = {Circulation},
 pages = {
          S543-60
        },
 title = {Part 13: Neonatal Resuscitation: 2015 American Heart Association Guidelines Update for Cardiopulmonary Resuscitation and Emergency Cardiovascular Care.},
 volume = {132 18 Suppl 2},
 year = {2015}
}


@Article{Alemu2019PrevalenceAA,
 author = {Abebe Alemu and Getnet Melaku and G. B. Abera and Ashenafi Damte},
 booktitle = {Pediatric Health, Medicine and Therapeutics},
 journal = {Pediatric Health, Medicine and Therapeutics},
 pages = {69 - 74},
 title = {Prevalence and associated factors of perinatal asphyxia among newborns in Dilla University referral hospital, Southern Ethiopia 2017},
 volume = {10},
 year = {2019}
}


@Article{Kapoor2020NeonatalR,
 author = {Sarin H. Kapoor and D. Kapoor},
 booktitle = {Questions from NeoReviews},
 journal = {Questions from NeoReviews},
 title = {Neonatal Resuscitation},
 year = {2020}
}


@Article{Singh2014TheIO,
 author = {Anju Singh and S. V. Rasiah and A. Ewer},
 booktitle = {Archives of Disease in Childhood: Fetal and Neonatal Edition},
 journal = {Archives of Disease in Childhood: Fetal and Neonatal Edition},
 pages = {F297 - F302},
 title = {The impact of routine predischarge pulse oximetry screening in a regional neonatal unit},
 volume = {99},
 year = {2014}
}


@Article{Fischer2011APS,
 author = {Cyril Fischer and C. Rybakowski and C. Ferdynus and P. Sagot and J. Gouyon},
 booktitle = {International Journal of Pediatrics},
 journal = {International Journal of Pediatrics},
 title = {A Population-Based Study of Meconium Aspiration Syndrome in Neonates Born between 37 and 43 Weeks of Gestation},
 volume = {2012},
 year = {2011}
}


@Article{Hoffman2016ImpactOH,
 author = {S. B. Hoffman and Natalie Terrell and C. Driscoll and N. Davis},
 booktitle = {Respiratory care},
 journal = {Respiratory Care},
 pages = {1299 - 1304},
 title = {Impact of High-Flow Nasal Cannula Use on Neonatal Respiratory Support Patterns and Length of Stay},
 volume = {61},
 year = {2016}
}
