@Inproceedings{Rolle-Lake2020BehavioralRF,
 author = {Lenzetta Rolle-Lake and E. Robbins},
 title = {Behavioral Risk Factor Surveillance System (BRFSS)},
 year = {2020}
}


@Article{Pierannunzi2013ASR,
 author = {Carol Pierannunzi and S. Hu and L. Balluz},
 booktitle = {BMC Medical Research Methodology},
 journal = {BMC Medical Research Methodology},
 pages = {49 - 49},
 title = {A systematic review of publications assessing reliability and validity of the Behavioral Risk Factor Surveillance System (BRFSS), 20042011},
 volume = {13},
 year = {2013}
}


@Article{Wu2016GeneticVA,
 author = {Ling Wu and Long Cui and W. Tam and R. Ma and Chi-Chiu Wang},
 booktitle = {Scientific Reports},
 journal = {Scientific Reports},
 title = {Genetic variants associated with gestational diabetes mellitus: a meta-analysis and subgroup analysis},
 volume = {6},
 year = {2016}
}


@Article{Akter2014PrevalenceOD,
 author = {S. Akter and Md. Mizanur Rahman and Sarah Krull Abe and P. Sultana},
 booktitle = {Bulletin of the World Health Organization},
 journal = {Bulletin of the World Health Organization},
 pages = {
          204-13, 213A
        },
 title = {Prevalence of diabetes and prediabetes and their risk factors among Bangladeshi adults: a nationwide survey.},
 volume = {92 3},
 year = {2014}
}


@Article{Duan2022EffectsOE,
 author = {M. Duan and Yinjie Zhu and L. Dekker and J. Mierau and E. Corpeleijn and S. Bakker and G. Navis},
 booktitle = {Journal of general internal medicine},
 journal = {Journal of General Internal Medicine},
 pages = {3907 - 3916},
 title = {Effects of Education and Income on Incident Type 2 Diabetes and Cardiovascular Diseases: a Dutch Prospective Study},
 volume = {37},
 year = {2022}
}


@Article{Seiglie2020DiabetesPA,
 author = {J. Seiglie and M. Marcus and Cara Ebert and Nikolaos Prodromidis and P. Geldsetzer and M. Theilmann and K. Agoudavi and Glennis Andall-Brereton and K. Aryal and B. Bicaba and P. Bovet and G. Brian and M. Dorobanu and G. Gathecha and M. Gurung and D. Guwatudde and Mohamed Msaidi and C. Houehanou and D. Houinato and J. Jrgensen and G. Kagaruki and K. Karki and D. Labadarios and J. Martins and Mary T Mayige and R. Wong-McClure and J. K. Mwangi and Omar Mwalim and Bolormaa Norov and Sarah Quesnel-Crooks and Bahendeka K Silver and L. Sturua and Lindiwe Tsabedze and C. Wesseh and A. Stokes and R. Atun and J. Davies and S. Vollmer and T. Brnighausen and L. Jaacks and J. Meigs and D. Wexler and J. Manne-Goehler},
 booktitle = {Diabetes Care},
 journal = {Diabetes Care},
 pages = {767 - 775},
 title = {Diabetes Prevalence and Its Relationship With Education, Wealth, and BMI in 29 Low- and Middle-Income Countries},
 volume = {43},
 year = {2020}
}


@Article{Chan1994ObesityFD,
 author = {J. Chan and E. Rimm and G. Colditz and M. Stampfer and W. Willett},
 booktitle = {Diabetes Care},
 journal = {Diabetes Care},
 pages = {961 - 969},
 title = {Obesity, Fat Distribution, and Weight Gain as Risk Factors for Clinical Diabetes in Men},
 volume = {17},
 year = {1994}
}


@Article{Bruni2016GlobalEO,
 author = {L. Bruni and Mireia Daz and Leslie Barrionuevo-Rosas and R. Herrero and F. Bray and X. Bosch and S. Sanjos and X. Castellsague},
 booktitle = {Lancet Global Health},
 journal = {The Lancet. Global health},
 pages = {
          e453-63
        },
 title = {Global estimates of human papillomavirus vaccination coverage by region and income level: a pooled analysis.},
 volume = {4 7},
 year = {2016}
}


@Article{Carter2010FruitAV,
 author = {P. Carter and L. Gray and J. Troughton and K. Khunti and M. Davies},
 booktitle = {British medical journal},
 journal = {The BMJ},
 title = {Fruit and vegetable intake and incidence of type 2 diabetes mellitus: systematic review and meta-analysis},
 volume = {341},
 year = {2010}
}


@Article{Bazzano2008IntakeOF,
 author = {L. Bazzano and Tricia Y. Li and Kamudi J. Joshipura and F. Hu},
 booktitle = {Diabetes Care},
 journal = {Diabetes Care},
 pages = {1311 - 1317},
 title = {Intake of Fruit, Vegetables, and Fruit Juices and Risk of Diabetes in Women},
 volume = {31},
 year = {2008}
}
