@Inproceedings{Rolle-Lake2020BehavioralRF,
 author = {Lenzetta Rolle-Lake and E. Robbins},
 title = {Behavioral Risk Factor Surveillance System (BRFSS)},
 year = {2020}
}


@Inproceedings{Menard1996AppliedLR,
 author = {S. Menard},
 title = {Applied Logistic Regression Analysis},
 year = {1996}
}


@Article{Peduzzi1996ASS,
 author = {P. Peduzzi and J. Concato and Elizabeth Kemper and T. Holford and A. Feinstein},
 booktitle = {Journal of Clinical Epidemiology},
 journal = {Journal of clinical epidemiology},
 pages = {
          1373-9
        },
 title = {A simulation study of the number of events per variable in logistic regression analysis.},
 volume = {49 12},
 year = {1996}
}


@Article{Pierannunzi2013ASR,
 author = {Carol Pierannunzi and S. Hu and L. Balluz},
 booktitle = {BMC Medical Research Methodology},
 journal = {BMC Medical Research Methodology},
 pages = {49 - 49},
 title = {A systematic review of publications assessing reliability and validity of the Behavioral Risk Factor Surveillance System (BRFSS), 20042011},
 volume = {13},
 year = {2013}
}


@Article{Schnurr2020ObesityUL,
 author = {T. Schnurr and Hermina Jakupovi and Germn D. Carrasquilla and L. ngquist and N. Grarup and T. Srensen and A. Tjnneland and K. Overvad and O. Pedersen and T. Hansen and T. Kilpelinen},
 booktitle = {Diabetologia},
 journal = {Diabetologia},
 pages = {1324-1332},
 title = {Obesity, unfavourable lifestyle and genetic risk of type 2 diabetes: a case-cohort study},
 volume = {63},
 year = {2020}
}


@Article{Reis2011LifestyleFA,
 author = {J. Reis and C. Loria and P. Sorlie and Yikyung Park and A. Hollenbeck and A. Schatzkin},
 booktitle = {Annals of Internal Medicine},
 journal = {Annals of Internal Medicine},
 pages = {292 - 299},
 title = {Lifestyle Factors and Risk for New-Onset Diabetes},
 volume = {155},
 year = {2011}
}


@Article{Li2017TimeTO,
 author = {Yanping Li and Dong D. Wang and S. Ley and Malik Vasanti and A. Howard and Yu-na He and F. Hu},
 booktitle = {Diabetes Care},
 journal = {Diabetes Care},
 pages = {1685 - 1694},
 title = {Time Trends of Dietary and Lifestyle Factors and Their Potential Impact on Diabetes Burden in China},
 volume = {40},
 year = {2017}
}


@Article{Oort2020AssociationOC,
 author = {S. van Oort and J. Beulens and A. V. van Ballegooijen and D. Grobbee and S. Larsson},
 booktitle = {HYPERTENSION},
 journal = {Hypertension},
 pages = {1971 - 1979},
 title = {Association of Cardiovascular Risk Factors and Lifestyle Behaviors With Hypertension},
 volume = {76},
 year = {2020}
}


@Article{Zhang2014AdherenceTH,
 author = {Cuilin Zhang and Deirdre K. Tobias and J. Chavarro and W. Bao and Dong D. Wang and S. Ley and F. Hu},
 booktitle = {British medical journal},
 journal = {The BMJ},
 title = {Adherence to healthy lifestyle and risk of gestational diabetes mellitus: prospective cohort study},
 volume = {349},
 year = {2014}
}


@Article{Wing2011BenefitsOM,
 author = {R. Wing and W. Lang and T. Wadden and M. Safford and W. Knowler and A. Bertoni and James O Hill and F. Brancati and A. Peters and L. Wagenknecht},
 booktitle = {Diabetes Care},
 journal = {Diabetes Care},
 pages = {1481 - 1486},
 title = {Benefits of Modest Weight Loss in Improving Cardiovascular Risk Factors in Overweight and Obese Individuals With Type 2 Diabetes},
 volume = {34},
 year = {2011}
}


@Article{Han2021AssociationOA,
 author = {H. Han and Yaying Cao and Chengwu Feng and Yan Zheng and K. Dhana and Shu Zhu and Cong Shang and Changzheng Yuan and G. Zong},
 booktitle = {Diabetes Care},
 journal = {Diabetes care},
 title = {Association of a Healthy Lifestyle With All-Cause and Cause-Specific Mortality Among Individuals With Type 2 Diabetes: A Prospective Study in UK Biobank.},
 year = {2021}
}


@Article{Chan1994ObesityFD,
 author = {J. Chan and E. Rimm and G. Colditz and M. Stampfer and W. Willett},
 booktitle = {Diabetes Care},
 journal = {Diabetes Care},
 pages = {961 - 969},
 title = {Obesity, Fat Distribution, and Weight Gain as Risk Factors for Clinical Diabetes in Men},
 volume = {17},
 year = {1994}
}


@Article{Bellou2018RiskFF,
 author = {V. Bellou and L. Belbasis and I. Tzoulaki and E. Evangelou},
 booktitle = {PLoS ONE},
 journal = {PLoS ONE},
 title = {Risk factors for type 2 diabetes mellitus: An exposure-wide umbrella review of meta-analyses},
 volume = {13},
 year = {2018}
}


@Article{Powell-Wiley2021ObesityAC,
 author = {T. Powell-Wiley and P. Poirier and L. Burke and J. Despres and P. Gordon-Larsen and C. Lavie and S. Lear and C. Ndumele and I. Neeland and P. Sanders and M. St-Onge},
 booktitle = {Circulation},
 journal = {Circulation},
 pages = {e984 - e1010},
 title = {Obesity and Cardiovascular Disease: A Scientific Statement From the American Heart Association},
 volume = {143},
 year = {2021}
}


@Article{Arsyad2022ModifiableRF,
 author = {D. S. Arsyad and J. Westerink and M. Cramer and Jumriani Ansar and Wahiduddin and F. Visseren and P. Doevendans and Ansariadi},
 booktitle = {BMC Public Health},
 journal = {BMC Public Health},
 title = {Modifiable risk factors in adults with and without prior cardiovascular disease: findings from the Indonesian National Basic Health Research},
 volume = {22},
 year = {2022}
}


@Article{Hjerkind2017AdiposityPA,
 author = {K. V. Hjerkind and J. Stenehjem and T. Nilsen},
 booktitle = {BMJ Open},
 journal = {BMJ Open},
 title = {Adiposity, physical activity and risk of diabetes mellitus: prospective data from the population-based HUNT study, Norway},
 volume = {7},
 year = {2017}
}


@Article{Zeng2020PhysicalAD,
 author = {Zixin Zeng and Yuqian Bian and Y. Cui and Donghui Yang and Yafeng Wang and Chuanhua Yu},
 booktitle = {International Journal of Environmental Research and Public Health},
 journal = {International Journal of Environmental Research and Public Health},
 title = {Physical Activity Dimensions and Its Association with Risk of Diabetes in Middle and Older Aged Chinese People},
 volume = {17},
 year = {2020}
}
