@Article{Harbaugh2018PersistentOU,
 author = {C. Harbaugh and J. Lee and Hsou-Mei Hu and S. McCabe and T. Voepel-Lewis and M. Englesbe and C. Brummett and J. Waljee},
 booktitle = {Pediatrics},
 journal = {Pediatrics},
 title = {Persistent Opioid Use Among Pediatric Patients After Surgery},
 volume = {141},
 year = {2018}
}


@Article{Flori2011PositiveFB,
 author = {H. Flori and G. Church and Kathleen D. Liu and G. Gildengorin and M. Matthay},
 booktitle = {Critical Care Research and Practice},
 journal = {Critical Care Research and Practice},
 title = {Positive Fluid Balance Is Associated with Higher Mortality and Prolonged Mechanical Ventilation in Pediatric Patients with Acute Lung Injury},
 volume = {2011},
 year = {2011}
}


@Article{Weiss2006TrachealTD,
 author = {Markus Weiss and Walter Knirsch and Oliver Kretschmar and A. Dullenkopf and M. Tomaske and Christian Balmer and K. Stutz and A. Gerber and F. Berger},
 booktitle = {British Journal of Anaesthesia},
 journal = {British journal of anaesthesia},
 pages = {
          486-91
        },
 title = {Tracheal tube-tip displacement in children during head-neck movement--a radiological assessment.},
 volume = {96 4},
 year = {2006}
}


@Conference{Pirani2022ACA,
 author = {Muskaan Pirani and Paurav Thakkar and Pranay Jivrani and M. Bohara and Dweepna Garg},
 booktitle = {2022 IEEE International Conference on Distributed Computing and Electrical Circuits and Electronics (ICDCECE)},
 journal = {2022 IEEE International Conference on Distributed Computing and Electrical Circuits and Electronics (ICDCECE)},
 pages = {1-6},
 title = {A Comparative Analysis of ARIMA, GRU, LSTM and BiLSTM on Financial Time Series Forecasting},
 year = {2022}
}


@Article{Fang2020ImproveIH,
 author = {Yinfeng Fang and Xuguang Zhang and Dalin Zhou and Honghai Liu},
 booktitle = {Int. J. Humanoid Robotics},
 journal = {Int. J. Humanoid Robotics},
 pages = {2050025:1-2050025:22},
 title = {Improve Inter-day Hand Gesture Recognition Via Convolutional Neural Network-based Feature Fusion},
 volume = {18},
 year = {2020}
}


@Article{Shibasaki2010PredictionOP,
 author = {M. Shibasaki and Y. Nakajima and S. Ishii and Fumihiro Shimizu and N. Shime and D. Sessler},
 booktitle = {Anesthesiology},
 journal = {Anesthesiology},
 pages = {819-824},
 title = {Prediction of Pediatric Endotracheal Tube Size by Ultrasonography},
 volume = {113},
 year = {2010}
}


@Article{Kerrey2009APC,
 author = {B. Kerrey and G. Geis and A. Quinn and R. Hornung and R. Ruddy},
 booktitle = {Pediatrics},
 journal = {Pediatrics},
 pages = {e1039 - e1044},
 title = {A Prospective Comparison of Diaphragmatic Ultrasound and Chest Radiography to Determine Endotracheal Tube Position in a Pediatric Emergency Department},
 volume = {123},
 year = {2009}
}


@Inproceedings{Kitabatake2005ECHOCARDIOGRAPHVDOPPLERNE,
 author = {A. Kitabatake and M. Inoue and M. Asao and D. M. and T. Masuyama and J. Tanouchi and T. Morita and M. Mishima and M. Uematsu and Takashi SHtMAZU and M. Hori and H. Abe},
 title = {ECHOCARDIOGRAPHV-DOPPLER Noninvasive evaluation of pulmonary hypertension by a pulsed Doppler technique},
 year = {2005}
}


@Inproceedings{Ziemian2010GuideTS,
 author = {R. Ziemian},
 title = {Guide to stability design criteria for metal structures},
 year = {2010}
}


@Article{Licker2007PerioperativeMM,
 author = {M. Licker and A. Schweizer and C. Ellenberger and J. Tschopp and J. Diaper and F. Clergue},
 booktitle = {International Journal of COPD},
 journal = {International Journal of Chronic Obstructive Pulmonary Disease},
 pages = {493 - 515},
 title = {Perioperative medical management of patients with COPD},
 volume = {2},
 year = {2007}
}


@Article{Hunyadi-Antievi2016EUROPEANRC,
 author = {Silvija Hunyadi-Antievi and A. Proti and Jogen Patrk and B. Filipovi-Gri and D. Puljevi and Radmila Majhen-Ujevi and I. Hadibegovi and Tatjana Pandak and N. Teufel and D. Bartoniek and Marino anaija and D. Luli and Bojana Radulovi},
 booktitle = {Lijeniki vjesnik},
 journal = {Lijecnicki vjesnik},
 pages = {
          305-21
        },
 title = {[EUROPEAN RESUSCITATION COUNCIL GUIDELINES FOR RESUSCITATION 2015].},
 volume = {138 11-12},
 year = {2016}
}
