@Article{Hua2020TowardsMA,
 author = {Yiqing Hua and T. Ristenpart and Mor Naaman},
 booktitle = {International Conference on Web and Social Media},
 pages = {272-282},
 title = {Towards Measuring Adversarial Twitter Interactions against Candidates in the US Midterm Elections},
 year = {2020}
}


@Inproceedings{Hemphill2013FramingIS,
 author = {Libby Hemphill and A. Culotta and Matthew Heston},
 title = {Framing in Social Media: How the US Congress Uses Twitter Hashtags to Frame Political Issues},
 year = {2013}
}


@Article{Sun2018ATPDG,
 author = {Jiankai Sun and Bortik Bandyopadhyay and Armin Bashizade and Jiongqian Liang and P. Sadayappan and S. Parthasarathy},
 booktitle = {AAAI Conference on Artificial Intelligence},
 pages = {265-272},
 title = {ATP: Directed Graph Embedding with Asymmetric Transitivity Preservation},
 year = {2018}
}


@Article{Stier2018ElectionCO,
 author = {Sebastian Stier and Arnim Bleier and H. Lietz and M. Strohmaier},
 booktitle = {Studying Politics Across Media},
 journal = {Political Communication},
 pages = {50 - 74},
 title = {Election Campaigning on Social Media: Politicians, Audiences, and the Mediation of Political Communication on Facebook and Twitter},
 volume = {35},
 year = {2018}
}


@Inproceedings{Muragod2018TheSM,
 author = {P. Muragod},
 title = {The Social Media And Politics},
 year = {2018}
}


@Article{Dong2021EDITSMA,
 author = {Yushun Dong and Ninghao Liu and B. Jalaeian and Jundong Li},
 booktitle = {The Web Conference},
 journal = {Proceedings of the ACM Web Conference 2022},
 title = {EDITS: Modeling and Mitigating Data Bias for Graph Neural Networks},
 year = {2021}
}


@Article{Hu2020OpenGB,
 author = {Weihua Hu and Matthias Fey and M. Zitnik and Yuxiao Dong and Hongyu Ren and Bowen Liu and Michele Catasta and J. Leskovec},
 booktitle = {Neural Information Processing Systems},
 journal = {ArXiv},
 title = {Open Graph Benchmark: Datasets for Machine Learning on Graphs},
 volume = {abs/2005.00687},
 year = {2020}
}


@Article{Yan2014AsymptoticsID,
 author = {T. Yan and Chenlei Leng and Ji Zhu},
 journal = {arXiv: Statistics Theory},
 title = {Asymptotics in directed exponential random graph models with an increasing bi-degree sequence},
 year = {2014}
}


@Article{Olejarczyk2017GraphbasedAO,
 author = {E. Olejarczyk and W. Jernajczyk},
 booktitle = {PLoS ONE},
 journal = {PLoS ONE},
 title = {Graph-based analysis of brain connectivity in schizophrenia},
 volume = {12},
 year = {2017}
}


@Article{Eady2019HowMP,
 author = {G. Eady and Jonathan Nagler and A. Guess and J. Zilinsky and Joshua A. Tucker},
 booktitle = {SAGE Open},
 journal = {SAGE Open},
 title = {How Many People Live in Political Bubbles on Social Media? Evidence From Linked Survey and Twitter Data},
 volume = {9},
 year = {2019}
}


@Article{Yarchi2020PoliticalPO,
 author = {Moran Yarchi and C. Baden and Neta Kligler-Vilenchik},
 journal = {Political Communication},
 pages = {98 - 139},
 title = {Political Polarization on the Digital Sphere: A Cross-platform, Over-time Analysis of Interactional, Positional, and Affective Polarization on Social Media},
 volume = {38},
 year = {2020}
}


@Article{Kahne2018ThePS,
 author = {Joseph Kahne and Benjamin T. Bowyer},
 journal = {Political Communication},
 pages = {470 - 493},
 title = {The Political Significance of Social Media Activity and Social Networks},
 volume = {35},
 year = {2018}
}


@Article{Bail2019AssessingTR,
 author = {C. Bail and Brian M. Guay and E. Maloney and A. Combs and D. S. Hillygus and Friedolin Merhout and Deen Freelon and A. Volfovsky},
 booktitle = {Proceedings of the National Academy of Sciences of the United States of America},
 journal = {Proceedings of the National Academy of Sciences of the United States of America},
 pages = {243 - 250},
 title = {Assessing the Russian Internet Research Agencys impact on the political attitudes and behaviors of American Twitter users in late 2017},
 volume = {117},
 year = {2019}
}


@Article{Jiang2020PoliticalPD,
 author = {Julie Jiang and Emily Chen and Kristina Lerman and Emilio Ferrara},
 booktitle = {Human Behavior and Emerging Technologies},
 journal = {Human Behavior and Emerging Technologies},
 pages = {200 - 211},
 title = {Political polarization drives online conversations about COVID19 in the United States},
 volume = {2},
 year = {2020}
}


@Inproceedings{Barber2016LessIM,
 author = {Pablo Barber},
 title = {Less is more? How demographic sample weights can improve public opinion estimates based on Twitter data},
 year = {2016}
}


@Article{Farkas2020ImagesPA,
 author = {Xnia Farkas and M. Bene},
 journal = {The International Journal of Press/Politics},
 pages = {119 - 142},
 title = {Images, Politicians, and Social Media: Patterns and Effects of Politicians Image-Based Political Communication Strategies on Social Media},
 volume = {26},
 year = {2020}
}


@Article{An2019PoliticalDI,
 author = {Jisun An and Haewoon Kwak and Oliver Posegga and Andreas Jungherr},
 booktitle = {International Conference on Web and Social Media},
 journal = {ArXiv},
 title = {Political Discussions in Homogeneous and Cross-Cutting Communication Spaces},
 volume = {abs/1904.05643},
 year = {2019}
}


@Article{Ekstrm2018SocialMP,
 author = {Mats Ekstrm and A. Shehata},
 booktitle = {New Media \& Society},
 journal = {New Media \& Society},
 pages = {740 - 759},
 title = {Social media, porous boundaries, and the development of online political engagement among young citizens},
 volume = {20},
 year = {2018}
}


@Article{Etta2021NewsCA,
 author = {Gabriele Etta and Matteo Cinelli and Alessandro Galeazzi and C. Valensise and M. Conti and Walter Quattrociocchi},
 booktitle = {arXiv.org},
 journal = {ArXiv},
 title = {News consumption and social media regulations policy},
 volume = {abs/2106.03924},
 year = {2021}
}


@Article{Mir2023ExploringTP,
 author = {Aasif Ahmad Mir and Sevukan Rathinam and Sumeer Gul and S. Bhat},
 booktitle = {Social Network Analysis and Mining},
 journal = {Social Network Analysis and Mining},
 pages = {1-13},
 title = {Exploring the perceived opinion of social media users about the UkraineRussia conflict through the naturalistic observation of tweets},
 volume = {13},
 year = {2023}
}
