@Article{Ingelse2017EarlyFO,
 author = {S. A. Ingelse and H. Wiegers and J. Calis and J. V. van Woensel and R. A. Bem},
 booktitle = {Pediatric Critical Care Medicine},
 journal = {Pediatric Critical Care Medicine},
 pages = {e106e111},
 title = {Early Fluid Overload Prolongs Mechanical Ventilation in Children With Viral-Lower Respiratory Tract Disease*},
 volume = {18},
 year = {2017}
}


@Article{Choi2022PredictionMF,
 author = {B. Choi and A. Oh and Seunghwa Lee and Dong Yun Lee and Jong-Hwan Lee and Kwangmo Yang and Ha Yeon Kim and Rae Woong Park and Jungchan Park},
 booktitle = {Journal of Clinical Medicine},
 journal = {Journal of Clinical Medicine},
 title = {Prediction Model for 30-Day Mortality after Non-Cardiac Surgery Using Machine-Learning Techniques Based on Preoperative Evaluation of Electronic Medical Records},
 volume = {11},
 year = {2022}
}


@Article{Zhou2022PredictionOE,
 author = {Miao Zhou and Wen Xu and Sheng Xu and Qing-lai Zang and Qi Li and L.-N. Tan and Yong-chu Hu and Ning Ma and Jian-hai Xia and Kun Liu and Min Ye and Fei Y. Pu and Liang Chen and Lijun Song and Yang Liu and Lai Jiang and Lin Gu and Zui Zou},
 booktitle = {Frontiers in Pediatrics},
 journal = {Frontiers in Pediatrics},
 title = {Prediction of endotracheal tube size in pediatric patients: Development and validation of machine learning models},
 volume = {10},
 year = {2022}
}


@Article{Lee2009BedsidePO,
 author = {B. Lee and J. Yi and Jun-Young Chung and Dong-Ok Kim and Jong-Man Kang},
 booktitle = {Anesthesiology},
 journal = {Anesthesiology},
 pages = {556-560},
 title = {Bedside Prediction of Airway Length in Adults and Children},
 volume = {111},
 year = {2009}
}


@Article{Principi2011ComplicationsOM,
 author = {T. Principi and D. Fraser and G. Morrison and S. Farsi and Jose F. Carrelas and Elizabeth A. Maurice and A. Kornecki},
 booktitle = {Pediatric Pulmonology},
 journal = {Pediatric Pulmonology},
 title = {Complications of mechanical ventilation in the pediatric population},
 volume = {46},
 year = {2011}
}


@Article{Rajula2020ComparisonOC,
 author = {Hema Sekhar Reddy Rajula and G. Verlato and M. Manchia and Nadia Antonucci and V. Fanos},
 booktitle = {Medicina},
 journal = {Medicina},
 title = {Comparison of Conventional Statistical Methods with Machine Learning in Medicine: Diagnosis, Drug Development, and Treatment},
 volume = {56},
 year = {2020}
}


@Article{Rey2009MechanicalCD,
 author = {C. Rey and F. lvarez and Victoria Rua and A. Medina and A. Concha and Juan Jos Daz and S. Menndez and M. Arcos and J. Mayordomo-Colunga},
 booktitle = {Intensive Care Medicine},
 journal = {Intensive Care Medicine},
 pages = {1438-1443},
 title = {Mechanical complications during central venous cannulations in pediatric patients},
 volume = {35},
 year = {2009}
}


@Article{Jack2012InlineFR,
 author = {T. Jack and M. Boehne and B. Brent and L. Hoy and H. Kditz and A. Wessel and M. Sasse},
 booktitle = {Intensive Care Medicine},
 journal = {Intensive Care Medicine},
 pages = {1008 - 1016},
 title = {In-line filtration reduces severe complications and length of stay on pediatric intensive care unit: a prospective, randomized, controlled trial},
 volume = {38},
 year = {2012}
}


@Article{Yan2020ImpactOC,
 author = {Siyi Yan and Huan Zhang},
 booktitle = {BMC Anesthesiology},
 journal = {BMC Anesthesiology},
 title = {Impact of changes in head position during head and neck surgery on the depth of tracheal tube intubation in anesthetized children},
 volume = {20},
 year = {2020}
}


@Article{Rost2022TrachealTM,
 author = {Franziska Rost and B. Donaubauer and H. Kirsten and T. Schwarz and P. Zimmermann and M. Siekmeyer and Daniel Grfe and Sebastian Ebel and C. Kleber and M. Lacher and M. Struck},
 booktitle = {Children},
 journal = {Children},
 title = {Tracheal Tube Misplacement after Emergency Intubation in Pediatric Trauma Patients: A Retrospective, Exploratory Study},
 volume = {9},
 year = {2022}
}


@Article{Ming2019MachineLT,
 author = {Chang Ming and V. Viassolo and N. Probst-Hensch and P. Chappuis and I. Dinov and M. Katapodi},
 booktitle = {Breast Cancer Research},
 journal = {Breast Cancer Research : BCR},
 title = {Machine learning techniques for personalized breast cancer risk prediction: comparison with the BCRAT and BOADICEA models},
 volume = {21},
 year = {2019}
}


@Article{Kim2016PredictionOE,
 author = {H. Kim and J. Cheon and S. Baek and Kyung-Hoon Kim and Tae Kyun Kim},
 booktitle = {Korean Journal of Anesthesiology},
 journal = {Korean Journal of Anesthesiology},
 pages = {52 - 57},
 title = {Prediction of endotracheal tube size for pediatric patients from the epiphysis diameter of radius},
 volume = {70},
 year = {2016}
}


@Article{Ramsingh2020RelationshipBE,
 author = {D. Ramsingh and E. Ghazal and Brent M Gordon and P. Ross and Darren Goltiao and M. Alschuler and Justin Pugh and M. Holsclaw and Linda P. Mason},
 booktitle = {Journal of Clinical Medicine},
 journal = {Journal of Clinical Medicine},
 title = {Relationship between Evaluations of Tracheal Tube Position Using Ultrasound and Fluoroscopy in an Infant and Pediatric Population},
 volume = {9},
 year = {2020}
}


@Article{Liang2015ManagementOB,
 author = {Yi-Lin Liang and Guang-nan Liu and Houwen Zheng and Yu Li and Le-Cheng Chen and Yu-Yan Fu and Wentao Li and Si-ming Huang and Mei-ling Yang},
 booktitle = {Chinese Medical Journal},
 journal = {Chinese Medical Journal},
 pages = {1326 - 1330},
 title = {Management of Benign Tracheal Stenosis by Small-diameter Tube-assisted Bronchoscopic Balloon Dilatation},
 volume = {128},
 year = {2015}
}
