@Article{Ingelse2017EarlyFO,
 author = {S. A. Ingelse and H. Wiegers and J. Calis and J. V. van Woensel and R. A. Bem},
 booktitle = {Pediatric Critical Care Medicine},
 journal = {Pediatric Critical Care Medicine},
 pages = {e106e111},
 title = {Early Fluid Overload Prolongs Mechanical Ventilation in Children With Viral-Lower Respiratory Tract Disease*},
 volume = {18},
 year = {2017}
}


@Article{Lee2009BedsidePO,
 author = {B. Lee and J. Yi and Jun-Young Chung and Dong-Ok Kim and Jong-Man Kang},
 booktitle = {Anesthesiology},
 journal = {Anesthesiology},
 pages = {556-560},
 title = {Bedside Prediction of Airway Length in Adults and Children},
 volume = {111},
 year = {2009}
}


@Article{Kollef1994EndotrachealTM,
 author = {M. Kollef and Edward J. Legare and M. Damiano},
 booktitle = {Southern medical journal (Birmingham, Ala. Print)},
 journal = {Southern Medical Journal},
 pages = {248-254},
 title = {Endotracheal Tube Misplacement: Incidence, Risk Factors, and Impact of a Quality Improvement Program},
 volume = {87},
 year = {1994}
}


@Article{Yan2020TheCS,
 author = {Chongbing Yan and Yong Hu and G. Qiu and X. Gong and Dermyshi Elda},
 booktitle = {Experimental and Therapeutic Medicine},
 journal = {Experimental and therapeutic medicine},
 pages = {
          95
        },
 title = {The clinical safety and efficacy of flexible bronchoscopy in a neonatal intensive care unit.},
 volume = {20 5},
 year = {2020}
}


@Article{Zhou2022PredictionOE,
 author = {Miao Zhou and Wen Xu and Sheng Xu and Qing-lai Zang and Qi Li and L.-N. Tan and Yong-chu Hu and Ning Ma and Jian-hai Xia and Kun Liu and Min Ye and Fei Y. Pu and Liang Chen and Lijun Song and Yang Liu and Lai Jiang and Lin Gu and Zui Zou},
 booktitle = {Frontiers in Pediatrics},
 journal = {Frontiers in Pediatrics},
 title = {Prediction of endotracheal tube size in pediatric patients: Development and validation of machine learning models},
 volume = {10},
 year = {2022}
}


@Article{Cheng2016RiskPW,
 author = {Yu Cheng and Fei Wang and Ping Zhang and Jianying Hu},
 booktitle = {SDM},
 pages = {432-440},
 title = {Risk Prediction with Electronic Health Records: A Deep Learning Approach},
 year = {2016}
}


@Article{Licker2007PerioperativeMM,
 author = {M. Licker and A. Schweizer and C. Ellenberger and J. Tschopp and J. Diaper and F. Clergue},
 booktitle = {International Journal of COPD},
 journal = {International Journal of Chronic Obstructive Pulmonary Disease},
 pages = {493 - 515},
 title = {Perioperative medical management of patients with COPD},
 volume = {2},
 year = {2007}
}
