@Article{Huang2017ImpactOC,
 author = {Hongmei Huang and P. Cheung and M. O'Reilly and Sylvia van Os and A. Solevg and K. Aziz and G. Schmlzer},
 booktitle = {Frontiers in Pediatrics},
 journal = {Frontiers in Pediatrics},
 title = {Impact of Changing Clinical Practices on Early Blood Gas Analyses in Very Preterm Infants and Their Associated Inpatient Outcomes},
 volume = {5},
 year = {2017}
}


@Article{Davidson2017GuidelinesFF,
 author = {J. Davidson and Rebecca A. Aslakson and Ann C. Long and K. Puntillo and Erin K Kross and J. Hart and C. Cox and H. Wunsch and Mary A. Wickline and M. Nunnally and G. Netzer and N. Kentish-Barnes and C. Sprung and C. Hartog and M. Coombs and R. Gerritsen and R. Hopkins and L. Franck and Y. Skrobik and A. Kon and E. Scruth and M. Harvey and M. Lewis-Newby and D. White and S. Swoboda and C. Cooke and M. Levy and . Azoulay and J. Curtis},
 booktitle = {Critical Care Medicine},
 journal = {Critical Care Medicine},
 pages = {103128},
 title = {Guidelines for Family-Centered Care in the Neonatal, Pediatric, and Adult ICU},
 volume = {45},
 year = {2017}
}


@Article{Kapoor2020NeonatalR,
 author = {Sarin H. Kapoor and D. Kapoor},
 booktitle = {Questions from NeoReviews},
 journal = {Questions from NeoReviews},
 title = {Neonatal Resuscitation},
 year = {2020}
}


@Article{Chandrasekharan2020NeonatalRA,
 author = {Praveen K. Chandrasekharan and M. Vento and D. Trevisanuto and Elizabeth Partridge and M. Underwood and J. Wiedeman and A. Katheria and S. Lakshminrusimha},
 booktitle = {American Journal of Perinatology},
 journal = {American Journal of Perinatology},
 pages = {813 - 824},
 title = {Neonatal Resuscitation and Postresuscitation Care of Infants Born to Mothers with Suspected or Confirmed SARS-CoV-2 Infection},
 volume = {37},
 year = {2020}
}


@Article{Aziz2020Part5N,
 author = {K. Aziz and Henry C. Lee and M. Escobedo and Amber V Hoover and B. Kamath-Rayne and V. Kapadia and D. Magid and S. Niermeyer and G. Schmlzer and E. Szyld and G. Weiner and M. Wyckoff and Nicole K. Yamada and J. Zaichkin},
 booktitle = {Circulation},
 journal = {Circulation},
 pages = {
          S524-S550
        },
 title = {Part 5: Neonatal Resuscitation: 2020 American Heart Association Guidelines for Cardiopulmonary Resuscitation and Emergency Cardiovascular Care.},
 volume = {142 16\_suppl\_2},
 year = {2020}
}


@Article{Hofer2016InflammatoryII,
 author = {N. Hofer and K. Jank and V. Strenger and J. Pansy and B. Resch},
 booktitle = {Pediatric Pulmonology},
 journal = {Pediatric Pulmonology},
 title = {Inflammatory indices in meconium aspiration syndrome},
 volume = {51},
 year = {2016}
}


@Article{Lee2016MeconiumAS,
 author = {JoonHo Lee and R. Romero and Kyung A. Lee and Eun Na Kim and S. Korzeniewski and P. Chaemsaithong and B. Yoon},
 booktitle = {American Journal of Obstetrics and Gynecology},
 journal = {American journal of obstetrics and gynecology},
 pages = {
          366.e1-9
        },
 title = {Meconium aspiration syndrome: a role for fetal systemic inflammation.},
 volume = {214 3},
 year = {2016}
}


@Article{Perel2006ComparisonOT,
 author = {P. Perel and I. Roberts and E. Sena and P. Wheble and Catherine Briscoe and P. Sandercock and M. Macleod and L. Mignini and P. Jayaram and Khalid Khan},
 booktitle = {British medical journal},
 journal = {BMJ : British Medical Journal},
 pages = {197},
 title = {Comparison of treatment effects between animal experiments and clinical trials: systematic review},
 volume = {334},
 year = {2006}
}


@Article{Yoon2021ImpactON,
 author = {Sojung Yoon and Joohee Lim and J. Han and J. Shin and H. Eun and M. Park and K. Park and S. M. Lee},
 booktitle = {Scientific Reports},
 journal = {Scientific Reports},
 title = {Impact of neonatal resuscitation changes on outcomes of very-low-birth-weight infants},
 volume = {11},
 year = {2021}
}


@Article{Silversides2019FluidMA,
 author = {J. Silversides and D. McAuley and B. Blackwood and E. Fan and A. Ferguson and J. Marshall},
 booktitle = {Journal of the Intensive Care Society},
 journal = {Journal of the Intensive Care Society},
 pages = {111 - 118},
 title = {Fluid management and deresuscitation practices: A survey of critical care physicians},
 volume = {21},
 year = {2019}
}


@Article{Tran2021EarlyEN,
 author = {H. Tran and J. Murray and H. Sobel and P. Mannava and Le Thi Huynh and P. Nguyen and H. Giang and Tuyen Thi Mong Le and T. A. Hoang and V. D. Nguyen and Zhao Li and N. Pham},
 booktitle = {BMJ Open Quality},
 journal = {BMJ Open Quality},
 title = {Early essential newborn care is associated with improved newborn outcomes following caesarean section births in a tertiary hospital in Da Nang, Vietnam: a pre/post-intervention study},
 volume = {10},
 year = {2021}
}


@Article{Shukla2019AssociationOA,
 author = {Ankit Shukla and Vikas Chowdhary},
 booktitle = {Acta paediatrica},
 journal = {Acta Paediatrica},
 title = {Association of antenatal steroid exposure with survival among infants receiving postnatal life support at 22 to 25 weeks gestation},
 volume = {108},
 year = {2019}
}


@Article{Howard2021AssociationOV,
 author = {M. Howard and N. McCollum and Emily C. Alberto and Hannah Kotler and M. E. Mottla and Laura Tiusaba and S. Keller and I. Marsic and Aleksandra Sarcevic and R. Burd and Karen J. OConnell},
 booktitle = {Prehospital and Disaster Medicine},
 journal = {Prehospital and Disaster Medicine},
 pages = {460 - 465},
 title = {Association of Ventilation during Initial Trauma Resuscitation for Traumatic Brain Injury and Post-Traumatic Outcomes: A Systematic Review},
 volume = {36},
 year = {2021}
}
