@Article{Heslin2021SexualOD,
 author = {K. Heslin and Jeffrey E. Hall},
 booktitle = {MMWR. Morbidity and mortality weekly report},
 journal = {Morbidity and Mortality Weekly Report},
 pages = {149 - 154},
 title = {Sexual Orientation Disparities in Risk Factors for Adverse COVID-19Related Outcomes, by Race/Ethnicity  Behavioral Risk Factor Surveillance System, United States, 20172019},
 volume = {70},
 year = {2021}
}


@Article{Colberg2016PhysicalAA,
 author = {S. Colberg and R. Sigal and J. Yardley and M. Riddell and D. Dunstan and P. Dempsey and E. Horton and Kristin Castorino and D. Tate},
 booktitle = {Diabetes Care},
 journal = {Diabetes Care},
 pages = {2065 - 2079},
 title = {Physical Activity/Exercise and Diabetes: A Position Statement of the American Diabetes Association},
 volume = {39},
 year = {2016}
}


@Article{Walraven2009AMO,
 author = {C. van Walraven and P. Austin and Alison Jennings and H. Quan and A. Forster},
 booktitle = {Medical Care},
 journal = {Medical Care},
 pages = {626-633},
 title = {A Modification of the Elixhauser Comorbidity Measures Into a Point System for Hospital Death Using Administrative Data},
 volume = {47},
 year = {2009}
}


@Article{Akalu2020KnowledgeAA,
 author = {Yonas Akalu and B. Ayelign and M. Molla},
 booktitle = {Infection and Drug Resistance},
 journal = {Infection and Drug Resistance},
 pages = {1949 - 1960},
 title = {Knowledge, Attitude and Practice Towards COVID-19 Among Chronic Disease Patients at Addis Zemen Hospital, Northwest Ethiopia},
 volume = {13},
 year = {2020}
}


@Article{Mora2007PhysicalAA,
 author = {S. Mora and N. Cook and J. Buring and P. Ridker and I. Lee},
 booktitle = {Circulation},
 journal = {Circulation},
 pages = {2110-2118},
 title = {Physical Activity and Reduced Risk of Cardiovascular Events: Potential Mediating Mechanisms},
 volume = {116},
 year = {2007}
}


@Inproceedings{Solanki2015EXERCISEAT,
 author = {Dr.Kanchan Solanki},
 title = {EXERCISE AND TYPE 2 DIABETES},
 year = {2015}
}


@Article{Hamer2012LowDosePA,
 author = {M. Hamer and E. Stamatakis},
 booktitle = {Circulation. Cardiovascular Quality and Outcomes},
 journal = {Circulation: Cardiovascular Quality and Outcomes},
 pages = {494499},
 title = {Low-Dose Physical Activity Attenuates Cardiovascular Disease Mortality in Men and Women With Clustered Metabolic Risk Factors},
 volume = {5},
 year = {2012}
}


@Article{Colberg2010ExerciseAT,
 author = {S. Colberg and R. Sigal and B. Fernhall and J. Regensteiner and B. Blissmer and R. Rubin and L. Chasan-Taber and A. Albright and B. Braun},
 booktitle = {Diabetes Care},
 journal = {Diabetes Care},
 pages = {2692 - 2696},
 title = {Exercise and Type 2 Diabetes},
 volume = {33},
 year = {2010}
}


@Article{Nyberg2020AssociationOH,
 author = {S. Nyberg and A. SinghManoux and A. SinghManoux and J. Pentti and J. Pentti and I. Madsen and S. Sabia and S. Sabia and Lars-Inge Alfredsson and L. Alfredsson and J. Bjorner and M. Borritz and H. Burr and M. Goldberg and M. Goldberg and K. Heikkil and M. Jokela and A. Knutsson and T. Lallukka and T. Lallukka and J. Lindbohm and M. Nielsen and M. Nordin and M. Nordin and T. Oksanen and J. Pejtersen and O. Rahkonen and R. Rugulies and M. Shipley and P. Sipil and S. Stenholm and S. Suominen and S. Suominen and J. Vahtera and M. Virtanen and M. Virtanen and H. Westerlund and M. Zins and M. Zins and M. Hamer and G. Batty and G. Batty and M. Kivimki and M. Kivimki},
 booktitle = {JAMA Internal Medicine},
 journal = {JAMA Internal Medicine},
 pages = {1 - 10},
 title = {Association of Healthy Lifestyle With Years Lived Without Major Chronic Diseases},
 volume = {180},
 year = {2020}
}


@Article{Kruk2007PhysicalAI,
 author = {J. Kruk},
 booktitle = {Asian Pacific Journal of Cancer Prevention},
 journal = {Asian Pacific journal of cancer prevention : APJCP},
 pages = {
          325-38
        },
 title = {Physical activity in the prevention of the most frequent chronic diseases: an analysis of the recent evidence.},
 volume = {8 3},
 year = {2007}
}


@Article{Franssen2020CanCW,
 author = {W. Franssen and G. H. Franssen and J. Spaas and F. Solmi and B. O. Eijnde},
 booktitle = {International Journal of Behavioral Nutrition and Physical Activity},
 journal = {The International Journal of Behavioral Nutrition and Physical Activity},
 title = {Can consumer wearable activity tracker-based interventions improve physical activity and cardiometabolic health in patients with chronic diseases? A systematic review and meta-analysis of randomised controlled trials},
 volume = {17},
 year = {2020}
}


@Article{Barquera2016CardiovascularDI,
 author = {S. Barquera and Andrea Pedroza-Tobas and C. Medina},
 booktitle = {Current Opinion in Lipidology},
 journal = {Current Opinion in Lipidology},
 pages = {329 - 344},
 title = {Cardiovascular diseases in mega-countries: the challenges of the nutrition, physical activity and epidemiologic transitions, and the double burden of disease},
 volume = {27},
 year = {2016}
}
