@Article{Hishikawa2016RespiratorySA,
 author = {K. Hishikawa and H. Fujinaga and T. Fujiwara and Keiji Goishi and M. Kaneshige and H. Sago and Yushi Ito},
 booktitle = {Neonatology},
 journal = {Neonatology},
 pages = {1 - 7},
 title = {Respiratory Stabilization after Delivery in Term Infants after the Update of the Japan Resuscitation Council Guidelines in 2010},
 volume = {110},
 year = {2016}
}


@Article{Halliday2001EndotrachealIA,
 author = {H. Halliday and D. Sweet},
 booktitle = {Cochrane Database of Systematic Reviews},
 journal = {The Cochrane database of systematic reviews},
 pages = {
          CD000500
        },
 title = {Endotracheal intubation at birth for preventing morbidity and mortality in vigorous, meconium-stained infants born at term.},
 volume = {2},
 year = {2001}
}


@Article{Gulczyska2015PRACTICALAO,
 author = {E. Gulczyska and J. Gadzinowski},
 booktitle = {Developmental Period Medicine},
 journal = {Developmental period medicine},
 pages = {
          247-53
        },
 title = {PRACTICAL ASPECTS OF THERAPEUTIC HYPOTHERMIA IN NEONATES WITH HYPOXIC ISCHEMIC ENCEPHALOPATHY--QUESTIONS AND ANSWERS. PART I. PROVIDING NEWBORN CARE BEFORE AND DURING TRANSFER TO THE REFERENCE CENTER.},
 volume = {19 3 Pt 1},
 year = {2015}
}


@Article{Mileder2021TelesimulationAA,
 author = {L. Mileder and Michael Bereiter and T. Wegscheider},
 booktitle = {Medical Education Online},
 journal = {Medical Education Online},
 title = {Telesimulation as a modality for neonatal resuscitation training},
 volume = {26},
 year = {2021}
}


@Article{Daga1994TrachealSI,
 author = {S. Daga and K. Dave and V. Mehta and V. Pai},
 booktitle = {Journal of Tropical Pediatrics},
 journal = {Journal of tropical pediatrics},
 pages = {
          198-200
        },
 title = {Tracheal suction in meconium stained infants: a randomized controlled study.},
 volume = {40 4},
 year = {1994}
}


@Article{Lindhard2021SimulationBasedNR,
 author = {M. Lindhard and Signe Thim and H. Laursen and A. Schram and C. Paltved and T. Henriksen},
 booktitle = {Pediatrics},
 journal = {Pediatrics},
 title = {Simulation-Based Neonatal Resuscitation Team Training: A Systematic Review},
 volume = {147},
 year = {2021}
}


@Article{Jaye1997ClinicalAO,
 author = {D. Jaye and KenB. Waites},
 booktitle = {The Pediatric Infectious Disease Journal},
 journal = {The Pediatric infectious disease journal},
 pages = {
          735-46; quiz 746-7
        },
 title = {Clinical applications of C-reactive protein in pediatrics.},
 volume = {16 8},
 year = {1997}
}


@Article{Stoll2010NeonatalOO,
 author = {B. Stoll and N. Hansen and E. Bell and S. Shankaran and A. Laptook and M. Walsh and E. Hale and N. Newman and K. Schibler and W. Carlo and K. Kennedy and B. Poindexter and N. Finer and R. Ehrenkranz and S. Duara and P. Snchez and T. O'Shea and R. Goldberg and K. V. van Meurs and R. Faix and D. Phelps and I. Frantz and K. Watterberg and S. Saha and A. Das and R. Higgins},
 booktitle = {Pediatrics},
 journal = {Pediatrics},
 pages = {443 - 456},
 title = {Neonatal Outcomes of Extremely Preterm Infants From the NICHD Neonatal Research Network},
 volume = {126},
 year = {2010}
}


@Article{Gidaganti2018EffectOG,
 author = {Shrishail Gidaganti and M. Faridi and M. Narang and P. Batra},
 booktitle = {Indian Pediatrics},
 journal = {Indian Pediatrics},
 pages = {206-210},
 title = {Effect of Gastric Lavage on Meconium Aspiration Syndrome and Feed Intolerance in Vigorous Infants Born with Meconium Stained Amniotic Fluid  A Randomized Control Trial},
 volume = {55},
 year = {2018}
}


@Article{Trevisanuto2020NeonatalRW,
 author = {D. Trevisanuto and Laura Moschino and N. Doglioni and C. Roehr and M. Gervasi and E. Baraldi},
 booktitle = {Neonatology},
 journal = {Neonatology},
 pages = {1 - 8},
 title = {Neonatal Resuscitation Where the Mother Has a Suspected or Confirmed Novel Coronavirus (SARS-CoV-2) Infection: Suggestion for a Pragmatic Action Plan},
 year = {2020}
}


@Article{Rahman2019IdentificationON,
 author = {Rayees Rahman and A. Kodesh and S. Levine and S. Sandin and A. Reichenberg and A. Schlessinger},
 booktitle = {European psychiatry},
 journal = {European Psychiatry : the journal of the Association of European Psychiatrists},
 title = {Identification of newborns at risk for autism using electronic medical records and machine learning},
 volume = {63},
 year = {2019}
}


@Article{Johnson2020HeartRA,
 author = {Peter A. Johnson and G. Schmlzer},
 booktitle = {Healthcare},
 journal = {Healthcare},
 title = {Heart Rate Assessment during Neonatal Resuscitation},
 volume = {8},
 year = {2020}
}


@Article{Barra2013AnAO,
 author = {A. Barra and P. Contucci and Rickard Sandell and C. Vernia},
 booktitle = {Scientific Reports},
 journal = {Scientific Reports},
 title = {An analysis of a large dataset on immigrant integration in Spain. The Statistical Mechanics perspective on Social Action},
 volume = {4},
 year = {2013}
}


@Inproceedings{Study2018EpidemiologyCS,
 author = {Study and MohdYunus and V. Agarwal and P. Tomer and Priyanka Gupta and A. Upadhyay},
 title = {Epidemiology, Clinical Spectrum and Outcomes of Fungal Sepsis in Neonates in Neonatal Intensive Care Unit: A Prospective Observational Study},
 year = {2018}
}


@Article{Wyckoff2015Part1N,
 author = {M. Wyckoff and K. Aziz and M. Escobedo and V. Kapadia and J. Kattwinkel and J. Perlman and W. Simon and G. Weiner and J. Zaichkin},
 booktitle = {Circulation},
 journal = {Circulation},
 pages = {
          S543-60
        },
 title = {Part 13: Neonatal Resuscitation: 2015 American Heart Association Guidelines Update for Cardiopulmonary Resuscitation and Emergency Cardiovascular Care.},
 volume = {132 18 Suppl 2},
 year = {2015}
}


@Article{Al-shehri2019TheUO,
 author = {H. Al-shehri},
 booktitle = {Cureus},
 journal = {Cureus},
 title = {The Use of Alcohol versus Dry Care for the Umbilical Cord in Newborns: A Systematic Review and Meta-analysis of Randomized and Non-randomized Studies},
 volume = {11},
 year = {2019}
}


@Article{Boundy2016KangarooMC,
 author = {E. O. Boundy and R. Dastjerdi and D. Spiegelman and W. Fawzi and S. Missmer and E. Lieberman and S. Kajeepeta and S. Wall and G. Chan},
 booktitle = {Pediatrics},
 journal = {Pediatrics},
 title = {Kangaroo Mother Care and Neonatal Outcomes: A Meta-analysis},
 volume = {137},
 year = {2016}
}


@Article{Salvatore2020NeonatalMA,
 author = {C. Salvatore and Jin-Young Han and Karen P. Acker and P. Tiwari and Jenny C Jin and M. Brandler and C. Cangemi and L. Gordon and A. Parow and Jennifer I Dipace and P. Delamora},
 booktitle = {The Lancet Child \& Adolescent Health},
 journal = {The Lancet. Child \& Adolescent Health},
 pages = {721 - 727},
 title = {Neonatal management and outcomes during the COVID-19 pandemic: an observation cohort study},
 volume = {4},
 year = {2020}
}


@Article{Flannery2021AssessmentOM,
 author = {D. Flannery and S. Gouma and Miren B Dhudasia and S. Mukhopadhyay and M. Pfeifer and E. Woodford and Jourdan E. Triebwasser and J. Gerber and Jeffrey S. Morris and M. Weirick and C. McAllister and M. Bolton and C. P. Arevalo and E. M. Anderson and E. Goodwin and S. Hensley and K. Puopolo},
 booktitle = {JAMA pediatrics},
 journal = {JAMA pediatrics},
 title = {Assessment of Maternal and Neonatal Cord Blood SARS-CoV-2 Antibodies and Placental Transfer Ratios.},
 year = {2021}
}


@Article{Goeral2014PO0394IA,
 author = {K. Goeral and Gregor Kasprian and L. Schmidt and Francesco Cardona and Angelika Berger and K. Klebermass-Schrehof},
 booktitle = {Archives of Disease in Childhood},
 journal = {Archives of Disease in Childhood},
 pages = {A374 - A375},
 title = {PO-0394Is Acute Kidney Injury Related To Worse Outcomes In Newborns Treated With Hypothermia?},
 volume = {99},
 year = {2014}
}


@Article{Boyle2015NeonatalOA,
 author = {E. Boyle and S. Johnson and B. Manktelow and S. Seaton and E. Draper and Lucy K Smith and J. Dorling and N. Marlow and S. Petrou and D. Field},
 booktitle = {Archives of Disease in Childhood: Fetal and Neonatal Edition},
 journal = {Archives of Disease in Childhood. Fetal and Neonatal Edition},
 pages = {F479 - F485},
 title = {Neonatal outcomes and delivery of care for infants born late preterm or moderately preterm: a prospective population-based study},
 volume = {100},
 year = {2015}
}


@Article{Chawla2020PerinatalNeonatalMO,
 author = {D. Chawla and D. Chirla and S. Dalwai and A. Deorari and A. Ganatra and A. Gandhi and N. Kabra and Praveen Kumar and P. Mittal and B. Parekh and M. J. Sankar and T. Singhal and S. Sivanandan and P. Tank and Federation of Obstetric and Gynaecological Societies of India and National Neonatology Forum of India and Indian Academy of Pediatrics},
 booktitle = {Indian Pediatrics},
 journal = {Indian Pediatrics},
 pages = {536 - 548},
 title = {Perinatal-Neonatal Management of COVID-19 Infection  Guidelines of the Federation of Obstetric and Gynaecological Societies of India (FOGSI), National Neonatology Forum of India (NNF), and Indian Academy of Pediatrics (IAP)},
 volume = {57},
 year = {2020}
}


@Article{Wolff2009ScreeningFS,
 author = {Tracy A. Wolff and E. Shelton and C. Sessions and Therese L Miller},
 booktitle = {Annals of Internal Medicine},
 journal = {Annals of Internal Medicine},
 pages = {710-716},
 title = {Screening for Syphilis Infection in Pregnant Women: Evidence for the U.S. Preventive Services Task Force Reaffirmation Recommendation Statement},
 volume = {150},
 year = {2009}
}


@Article{Westerterp2003ImpactsOV,
 author = {K. Westerterp},
 booktitle = {Proceedings of the Nutrition Society},
 journal = {Proceedings of the Nutrition Society},
 pages = {645 - 650},
 title = {Impacts of vigorous and non-vigorous activity on daily energy expenditure},
 volume = {62},
 year = {2003}
}


@Article{Menai2017AccelerometerAM,
 author = {M. Menai and V. V. van Hees and A. Elbaz and M. Kivimaki and A. SinghManoux and S. Sabia},
 booktitle = {Scientific Reports},
 journal = {Scientific Reports},
 title = {Accelerometer assessed moderate-to-vigorous physical activity and successful ageing: results from the Whitehall II study},
 volume = {7},
 year = {2017}
}


@Article{Jansen2015PhysicalAI,
 author = {F. Jansen and R. Prins and Astrid Etman and H. P. van der Ploeg and S. D. de Vries and F. V. van Lenthe and F. Pierik},
 booktitle = {PLoS ONE},
 journal = {PLoS ONE},
 title = {Physical Activity in Non-Frail and Frail Older Adults},
 volume = {10},
 year = {2015}
}
