@Article{Wu2019HyperparameterOF,
 author = {Jia Wu and Xiuyun Chen and H. Zhang and Li-Dong Xiong and Hang Lei and S. Deng},
 journal = {Journal of Electronic Science and Technology},
 pages = {26-40},
 title = {Hyperparameter Optimization for Machine Learning Models Based on Bayesian Optimization},
 volume = {17},
 year = {2019}
}


@Article{Zhang2019EfficacyAS,
 author = {Yu Zhang and Xue Zhang and Yang Wang and Jia Shi and S. Yuan and F. Duan and Yuefu Wang and Zhe Zhang and Yuan Jia and J. Gong and Li-huan Li and Fuxia Yan},
 booktitle = {Frontiers in Pediatrics},
 journal = {Frontiers in Pediatrics},
 title = {Efficacy and Safety of Tranexamic Acid in Pediatric Patients Undergoing Cardiac Surgery: A Single-Center Experience},
 volume = {7},
 year = {2019}
}


@Article{Kollef1994EndotrachealTM,
 author = {M. Kollef and Edward J. Legare and M. Damiano},
 booktitle = {Southern medical journal (Birmingham, Ala. Print)},
 journal = {Southern Medical Journal},
 pages = {248-254},
 title = {Endotracheal Tube Misplacement: Incidence, Risk Factors, and Impact of a Quality Improvement Program},
 volume = {87},
 year = {1994}
}


@Article{Mariano2005ACO,
 author = {E. Mariano and C. Ramamoorthy and L. Chu and Michael I. Chen and G. Hammer},
 booktitle = {Paediatric anaesthesia},
 journal = {Pediatric Anesthesia},
 title = {A comparison of three methods for estimating appropriate tracheal tube depth in children},
 volume = {15},
 year = {2005}
}


@Article{Takita2003TheHF,
 author = {K. Takita and Y. Morimoto and O. Kemmotsu},
 booktitle = {Journal of Cardiothoracic and Vascular Anesthesia},
 journal = {Journal of cardiothoracic and vascular anesthesia},
 pages = {
          412-3
        },
 title = {The height-based formula for prediction of left-sided double-lumen tracheal tube depth.},
 volume = {17 3},
 year = {2003}
}


@Article{Stapleton2017RiskFF,
 author = {Amanda L. Stapleton and E. Tyler-Kabara and P. Gardner and C. Snyderman and E. Wang},
 booktitle = {International Journal of Pediatric Otorhinolaryngology},
 journal = {International journal of pediatric otorhinolaryngology},
 pages = {
          163-166
        },
 title = {Risk factors for cerebrospinal fluid leak in pediatric patients undergoing endoscopic endonasal skull base surgery.},
 volume = {93},
 year = {2017}
}


@Article{Yoo2021DeepLF,
 author = {J. Yoo and S. Kang and Jong Sun Park and Y. Cho and S. Park and H. Yoon and Sang Jun Park and H. Jeong and Tackeun Kim},
 booktitle = {Scientific Reports},
 journal = {Scientific Reports},
 title = {Deep learning for anatomical interpretation of video bronchoscopy images},
 volume = {11},
 year = {2021}
}


@Article{Bari2020MachinelearningRA,
 author = {D. Bari and Abdelali Ouagabi},
 booktitle = {SN Applied Sciences},
 journal = {SN Applied Sciences},
 pages = {1-13},
 title = {Machine-learning regression applied to diagnose horizontal visibility from mesoscale NWP model forecasts},
 volume = {2},
 year = {2020}
}


@Article{Cook2005ThePL,
 author = {T. Cook and Gene W Lee and J. Nolan},
 booktitle = {Canadian Journal of Anaesthesia-journal Canadien D Anesthesie},
 journal = {Canadian journal of anaesthesia = Journal canadien d'anesthesie},
 pages = {
          739-60
        },
 title = {The ProSeal laryngeal mask airway: a review of the literature.},
 volume = {52 7},
 year = {2005}
}


@Inproceedings{Rauber2017FoolboxAP,
 author = {Jonas Rauber and Wieland Brendel and M. Bethge},
 title = {Foolbox: A Python toolbox to benchmark the robustness of machine learning models},
 year = {2017}
}


@Article{Nguyen2020OptimizationOA,
 author = {Hung Quang Nguyen and H. Ly and V. Tran and Thuy-Anh Nguyen and Tien-Thinh Le and B. Pham},
 booktitle = {Materials},
 journal = {Materials},
 title = {Optimization of Artificial Intelligence System by Evolutionary Algorithm for Prediction of Axial Capacity of Rectangular Concrete Filled Steel Tubes under Compression},
 volume = {13},
 year = {2020}
}


@Article{Fang2020ImproveIH,
 author = {Yinfeng Fang and Xuguang Zhang and Dalin Zhou and Honghai Liu},
 booktitle = {Int. J. Humanoid Robotics},
 journal = {Int. J. Humanoid Robotics},
 pages = {2050025:1-2050025:22},
 title = {Improve Inter-day Hand Gesture Recognition Via Convolutional Neural Network-based Feature Fusion},
 volume = {18},
 year = {2020}
}
