@Article{Weiner2022UpdatesFT,
 author = {G. Weiner and J. Zaichkin},
 booktitle = {NeoReviews},
 journal = {NeoReviews},
 pages = {
          e238-e249
        },
 title = {Updates for the Neonatal Resuscitation Program and Resuscitation Guidelines.},
 volume = {23 4},
 year = {2022}
}


@Article{Mileder2021TelesimulationAA,
 author = {L. Mileder and Michael Bereiter and T. Wegscheider},
 booktitle = {Medical Education Online},
 journal = {Medical Education Online},
 title = {Telesimulation as a modality for neonatal resuscitation training},
 volume = {26},
 year = {2021}
}


@Article{Lindhard2021SimulationBasedNR,
 author = {M. Lindhard and Signe Thim and H. Laursen and A. Schram and C. Paltved and T. Henriksen},
 booktitle = {Pediatrics},
 journal = {Pediatrics},
 title = {Simulation-Based Neonatal Resuscitation Team Training: A Systematic Review},
 volume = {147},
 year = {2021}
}


@Article{Myers2020ImpactOT,
 author = {Patrick J Myers and Arika G. Gupta},
 booktitle = {Hospital Pediatrics},
 journal = {Hospital pediatrics},
 title = {Impact of the Revised NRP Meconium Aspiration Guidelines on Term Infant Outcomes.},
 year = {2020}
}


@Article{Shi2020ClinicalCA,
 author = {Qiao Shi and Xiao-yi Zhang and Fang Jiang and Xuanzhe Zhang and N. Hu and Chibu Bimu and Jiarui Feng and Su Yan and Yongjun Guan and Dongxue Xu and Guangzhen He and Chen Chen and Xingcheng Xiong and Lei Liu and Hanjun Li and Jing Tao and Z. Peng and Weixing Wang},
 booktitle = {Diabetes Care},
 journal = {Diabetes Care},
 pages = {1382 - 1391},
 title = {Clinical Characteristics and Risk Factors for Mortality of COVID-19 Patients With Diabetes in Wuhan, China: A Two-Center, Retrospective Study},
 volume = {43},
 year = {2020}
}


@Article{Vall2015PredictorsOT,
 author = {Eva Vall and T. Wade},
 booktitle = {International Journal of Eating Disorders},
 journal = {The International journal of eating disorders},
 pages = {
          946-71
        },
 title = {Predictors of treatment outcome in individuals with eating disorders: A systematic review and meta-analysis.},
 volume = {48 7},
 year = {2015}
}


@Article{Chandrasekharan2020NeonatalRA,
 author = {Praveen K. Chandrasekharan and M. Vento and D. Trevisanuto and Elizabeth Partridge and M. Underwood and J. Wiedeman and A. Katheria and S. Lakshminrusimha},
 booktitle = {American Journal of Perinatology},
 journal = {American Journal of Perinatology},
 pages = {813 - 824},
 title = {Neonatal Resuscitation and Postresuscitation Care of Infants Born to Mothers with Suspected or Confirmed SARS-CoV-2 Infection},
 volume = {37},
 year = {2020}
}


@Article{Wyckoff2020NeonatalLS,
 author = {M. Wyckoff and J. Wyllie and K. Aziz and M. D. de Almeida and Jorge Fabres and J. Fawke and R. Guinsburg and S. Hosono and T. Isayama and V. Kapadia and H. Kim and H. Liley and C. McKinlay and L. Mildenhall and J. Perlman and Y. Rabi and C. Roehr and G. Schmlzer and E. Szyld and D. Trevisanuto and S. Velaphi and G. Weiner},
 booktitle = {Circulation},
 journal = {Circulation},
 title = {Neonatal Life Support: 2020 International Consensus on Cardiopulmonary Resuscitation and Emergency Cardiovascular Care Science With Treatment Recommendations.},
 year = {2020}
}


@Article{Wyckoff2015Part1N,
 author = {M. Wyckoff and K. Aziz and M. Escobedo and V. Kapadia and J. Kattwinkel and J. Perlman and W. Simon and G. Weiner and J. Zaichkin},
 booktitle = {Circulation},
 journal = {Circulation},
 pages = {
          S543-60
        },
 title = {Part 13: Neonatal Resuscitation: 2015 American Heart Association Guidelines Update for Cardiopulmonary Resuscitation and Emergency Cardiovascular Care.},
 volume = {132 18 Suppl 2},
 year = {2015}
}


@Article{Lee2011NeonatalRA,
 author = {Anne C. C. Lee and S. Cousens and S. Wall and S. Niermeyer and G. Darmstadt and W. Carlo and W. Keenan and Z. Bhutta and C. Gill and J. Lawn},
 booktitle = {BMC Public Health},
 journal = {BMC Public Health},
 pages = {S12 - S12},
 title = {Neonatal resuscitation and immediate newborn assessment and stimulation for the prevention of neonatal deaths: a systematic review, meta-analysis and Delphi estimation of mortality effect},
 volume = {11},
 year = {2011}
}


@Article{Halamek2008EducationalPT,
 author = {L. Halamek},
 journal = {Neoreviews},
 title = {Educational Perspectives: The Genesis, Adaptation, and Evolution of the Neonatal Resuscitation Program},
 volume = {9},
 year = {2008}
}


@Article{Huang2017ImpactOC,
 author = {Hongmei Huang and P. Cheung and M. O'Reilly and Sylvia van Os and A. Solevg and K. Aziz and G. Schmlzer},
 booktitle = {Frontiers in Pediatrics},
 journal = {Frontiers in Pediatrics},
 title = {Impact of Changing Clinical Practices on Early Blood Gas Analyses in Very Preterm Infants and Their Associated Inpatient Outcomes},
 volume = {5},
 year = {2017}
}
