@Article{Sheikhalishahi2019BenchmarkingML,
 author = {Seyedmostafa Sheikhalishahi and Vevake Balaraman and V. Osmani},
 booktitle = {PLoS ONE},
 journal = {PLoS ONE},
 title = {Benchmarking machine learning models on multi-centre eICU critical care dataset},
 volume = {15},
 year = {2019}
}


@Article{Ingelse2017EarlyFO,
 author = {S. A. Ingelse and H. Wiegers and J. Calis and J. V. van Woensel and R. A. Bem},
 booktitle = {Pediatric Critical Care Medicine},
 journal = {Pediatric Critical Care Medicine},
 pages = {e106e111},
 title = {Early Fluid Overload Prolongs Mechanical Ventilation in Children With Viral-Lower Respiratory Tract Disease*},
 volume = {18},
 year = {2017}
}


@Article{Gupta2015RelationshipOE,
 author = {P. Gupta and M. Robertson and B. Beam and J. Gossett and M. Schmitz and C. Carroll and J. Edwards and J. Fortenberry and W. Butt},
 booktitle = {Minerva Anestesiologica},
 journal = {Minerva anestesiologica},
 pages = {
          619-27
        },
 title = {Relationship of ECMO duration with outcomes after pediatric cardiac surgery: a multi-institutional analysis.},
 volume = {81 6},
 year = {2015}
}


@Article{Bao2019MachineLF,
 author = {Wentao Bao and K. Ho and Yucai Hong},
 booktitle = {Critical Care},
 journal = {Critical Care},
 title = {Machine learning for the prediction of volume responsiveness in patients with oliguric acute kidney injury in critical care},
 volume = {23},
 year = {2019}
}


@Article{Kollef1994EndotrachealTM,
 author = {M. Kollef and Edward J. Legare and M. Damiano},
 booktitle = {Southern medical journal (Birmingham, Ala. Print)},
 journal = {Southern Medical Journal},
 pages = {248-254},
 title = {Endotracheal Tube Misplacement: Incidence, Risk Factors, and Impact of a Quality Improvement Program},
 volume = {87},
 year = {1994}
}


@Article{Meyer2018MachineLF,
 author = {A. Meyer and Dina Zverinski and B. Pfahringer and J. Kempfert and T. Kuehne and S. Sndermann and C. Stamm and Thomas Hofmann and V. Falk and Carsten Eickhoff},
 booktitle = {The Lancet Respiratory Medicine},
 journal = {The Lancet. Respiratory medicine},
 pages = {
          905-914
        },
 title = {Machine learning for real-time prediction of complications in critical care: a retrospective study.},
 volume = {6 12},
 year = {2018}
}


@Article{Mariano2005ACO,
 author = {E. Mariano and C. Ramamoorthy and L. Chu and Michael I. Chen and G. Hammer},
 booktitle = {Paediatric anaesthesia},
 journal = {Pediatric Anesthesia},
 title = {A comparison of three methods for estimating appropriate tracheal tube depth in children},
 volume = {15},
 year = {2005}
}


@Article{Johnson2016MachineLA,
 author = {Alistair E. W. Johnson and M. Ghassemi and S. Nemati and K. Niehaus and D. Clifton and G. Clifford},
 booktitle = {Proceedings of the IEEE},
 journal = {Proceedings of the IEEE. Institute of Electrical and Electronics Engineers},
 pages = {444 - 466},
 title = {Machine Learning and Decision Support in Critical Care},
 volume = {104},
 year = {2016}
}


@Inproceedings{Monnier2010PediatricAS,
 author = {P. Monnier},
 title = {Pediatric Airway Surgery: Management of Laryngotracheal Stenosis in Infants and Children},
 year = {2010}
}


@Article{Takita2003TheHF,
 author = {K. Takita and Y. Morimoto and O. Kemmotsu},
 booktitle = {Journal of Cardiothoracic and Vascular Anesthesia},
 journal = {Journal of cardiothoracic and vascular anesthesia},
 pages = {
          412-3
        },
 title = {The height-based formula for prediction of left-sided double-lumen tracheal tube depth.},
 volume = {17 3},
 year = {2003}
}


@Article{Alanazi2017ACR,
 author = {Hamdan O. Alanazi and Abdul Hanan Abdullah and K. Qureshi},
 booktitle = {Journal of medical systems},
 journal = {Journal of Medical Systems},
 pages = {1-10},
 title = {A Critical Review for Developing Accurate and Dynamic Predictive Models Using Machine Learning Methods in Medicine and Health Care},
 volume = {41},
 year = {2017}
}


@Article{Shillan2019UseOM,
 author = {Duncan Shillan and J. Sterne and A. Champneys and B. Gibbison},
 booktitle = {Critical Care},
 journal = {Critical Care},
 title = {Use of machine learning to analyse routinely collected intensive care unit data: a systematic review},
 volume = {23},
 year = {2019}
}


@Article{Schning2021DevelopmentAV,
 author = {Verena Schning and E. Liakoni and C. Baumgartner and A. Exadaktylos and W. Hautz and A. Atkinson and F. Hammann},
 booktitle = {Journal of Translational Medicine},
 journal = {Journal of Translational Medicine},
 title = {Development and validation of a prognostic COVID-19 severity assessment (COSA) score and machine learning models for patient triage at a tertiary hospital},
 volume = {19},
 year = {2021}
}


@Article{Fleuren2020MachineLF,
 author = {L. Fleuren and T. Klausch and Charlotte L. Zwager and L. Schoonmade and Tingjie Guo and Luca F Roggeveen and E. Swart and A. Girbes and P. Thoral and A. Ercole and M. Hoogendoorn and P. Elbers},
 booktitle = {Intensive Care Medicine},
 journal = {Intensive Care Medicine},
 pages = {383 - 400},
 title = {Machine learning for the prediction of sepsis: a systematic review and meta-analysis of diagnostic test accuracy},
 volume = {46},
 year = {2020}
}


@Article{Xiao2019ComparisonAD,
 author = {Jing Xiao and R. Ding and Xiulin Xu and Haochen Guan and Xinhui Feng and Tao Sun and Sibo Zhu and Zhibin Ye},
 booktitle = {Journal of Translational Medicine},
 journal = {Journal of Translational Medicine},
 title = {Comparison and development of machine learning tools in the prediction of chronic kidney disease progression},
 volume = {17},
 year = {2019}
}
