@Article{Ingelse2017EarlyFO,
 author = {S. A. Ingelse and H. Wiegers and J. Calis and J. V. van Woensel and R. A. Bem},
 booktitle = {Pediatric Critical Care Medicine},
 journal = {Pediatric Critical Care Medicine},
 pages = {e106e111},
 title = {Early Fluid Overload Prolongs Mechanical Ventilation in Children With Viral-Lower Respiratory Tract Disease*},
 volume = {18},
 year = {2017}
}


@Article{Kerrey2009APC,
 author = {B. Kerrey and G. Geis and A. Quinn and R. Hornung and R. Ruddy},
 booktitle = {Pediatrics},
 journal = {Pediatrics},
 pages = {e1039 - e1044},
 title = {A Prospective Comparison of Diaphragmatic Ultrasound and Chest Radiography to Determine Endotracheal Tube Position in a Pediatric Emergency Department},
 volume = {123},
 year = {2009}
}


@Article{Mariano2005ACO,
 author = {E. Mariano and C. Ramamoorthy and L. Chu and Michael I. Chen and G. Hammer},
 booktitle = {Paediatric anaesthesia},
 journal = {Pediatric Anesthesia},
 title = {A comparison of three methods for estimating appropriate tracheal tube depth in children},
 volume = {15},
 year = {2005}
}


@Article{Narula2018EnteralNT,
 author = {N. Narula and A. Dhillon and Dongni Zhang and M. Sherlock and M. Tondeur and M. Zachos},
 booktitle = {Cochrane Database of Systematic Reviews},
 journal = {The Cochrane database of systematic reviews},
 pages = {
          CD000542
        },
 title = {Enteral nutritional therapy for induction of remission in Crohn's disease.},
 volume = {4},
 year = {2018}
}


@Article{Rey2009MechanicalCD,
 author = {C. Rey and F. lvarez and Victoria Rua and A. Medina and A. Concha and Juan Jos Daz and S. Menndez and M. Arcos and J. Mayordomo-Colunga},
 booktitle = {Intensive Care Medicine},
 journal = {Intensive Care Medicine},
 pages = {1438-1443},
 title = {Mechanical complications during central venous cannulations in pediatric patients},
 volume = {35},
 year = {2009}
}


@Article{Yu2011OptimalTP,
 author = {Lifeng Yu and M. Bruesewitz and K. Thomas and J. Fletcher and J. Kofler and C. McCollough},
 booktitle = {Radiographics},
 journal = {Radiographics : a review publication of the Radiological Society of North America, Inc},
 pages = {
          835-48
        },
 title = {Optimal tube potential for radiation dose reduction in pediatric CT: principles, clinical implementations, and pitfalls.},
 volume = {31 3},
 year = {2011}
}


@Article{Crowson2021MachineLF,
 author = {Matthew G. Crowson and C. Hartnick and Gillian R Diercks and T. Gallagher and M. Fracchia and J. Setlur and Michael S. Cohen},
 booktitle = {Pediatrics},
 journal = {Pediatrics},
 title = {Machine Learning for Accurate Intraoperative Pediatric Middle Ear Effusion Diagnosis},
 volume = {147},
 year = {2021}
}


@Article{Crowson2022HumanVM,
 author = {Matthew G. Crowson and D. Bates and Krish Suresh and Michael S. Cohen and C. Hartnick},
 booktitle = {Otolaryngology Head \& Neck Surgery},
 journal = {Otolaryngology--head and neck surgery : official journal of American Academy of Otolaryngology-Head and Neck Surgery},
 pages = {
          1945998221119156
        },
 title = {"Human vs Machine" Validation of a Deep Learning Algorithm for Pediatric Middle Ear Infection Diagnosis.},
 year = {2022}
}


@Article{Jack2012InlineFR,
 author = {T. Jack and M. Boehne and B. Brent and L. Hoy and H. Kditz and A. Wessel and M. Sasse},
 booktitle = {Intensive Care Medicine},
 journal = {Intensive Care Medicine},
 pages = {1008 - 1016},
 title = {In-line filtration reduces severe complications and length of stay on pediatric intensive care unit: a prospective, randomized, controlled trial},
 volume = {38},
 year = {2012}
}


@Article{De2022UnlockingHD,
 author = {Soham De and Leonard Berrada and Jamie Hayes and Samuel L. Smith and B. Balle},
 booktitle = {arXiv.org},
 journal = {ArXiv},
 title = {Unlocking High-Accuracy Differentially Private Image Classification through Scale},
 volume = {abs/2204.13650},
 year = {2022}
}


@Article{Rost2022TrachealTM,
 author = {Franziska Rost and B. Donaubauer and H. Kirsten and T. Schwarz and P. Zimmermann and M. Siekmeyer and Daniel Grfe and Sebastian Ebel and C. Kleber and M. Lacher and M. Struck},
 booktitle = {Children},
 journal = {Children},
 title = {Tracheal Tube Misplacement after Emergency Intubation in Pediatric Trauma Patients: A Retrospective, Exploratory Study},
 volume = {9},
 year = {2022}
}


@Article{Jin2021HierarchicalAM,
 author = {Hang Jin and Zheming Gu and Tuomin Tao and Erping Li},
 booktitle = {IEEE transactions on electromagnetic compatibility (Print)},
 journal = {IEEE Transactions on Electromagnetic Compatibility},
 pages = {1972-1980},
 title = {Hierarchical Attention-Based Machine Learning Model for Radiation Prediction of WB-BGA Package},
 volume = {63},
 year = {2021}
}
