@Inproceedings{Marder2016AnEO,
 author = {Ben L. Marder and Emma Slade and David Houghton and C. Archer-Brown},
 title = {An examination of impression management associated with visible political party affiliation on Facebook},
 year = {2016}
}


@Book{Garimella2018PoliticalDO,
 author = {Venkata Rama Kiran Garimella and G. D. F. Morales and A. Gionis and M. Mathioudakis},
 booktitle = {The Web Conference},
 journal = {Proceedings of the 2018 World Wide Web Conference},
 title = {Political Discourse on Social Media: Echo Chambers, Gatekeepers, and the Price of Bipartisanship},
 year = {2018}
}


@Article{Luceri2019RedBD,
 author = {Luca Luceri and A. Deb and Adam Badawy and Emilio Ferrara},
 booktitle = {The Web Conference},
 journal = {Companion Proceedings of The 2019 World Wide Web Conference},
 title = {Red Bots Do It Better:Comparative Analysis of Social Bot Partisan Behavior},
 year = {2019}
}


@Article{Gmez2008StatisticalAO,
 author = {V. Gmez and Andreas Kaltenbrunner and Vicente Lpez},
 booktitle = {The Web Conference},
 pages = {645-654},
 title = {Statistical analysis of the social network and discussion threads in slashdot},
 year = {2008}
}


@Article{McCreadie2013ScalableDE,
 author = {R. McCreadie and C. Macdonald and I. Ounis and M. Osborne and S. Petrovic},
 booktitle = {BigData Congress [Services Society]},
 journal = {2013 IEEE International Conference on Big Data},
 pages = {543-549},
 title = {Scalable distributed event detection for Twitter},
 year = {2013}
}


@Article{Baviera2018InfluenceIT,
 author = {Toms Baviera},
 journal = {European Journal of Communication},
 pages = {321 - 337},
 title = {Influence in the political Twitter sphere: Authority and retransmission in the 2015 and 2016 Spanish General Elections},
 volume = {33},
 year = {2018}
}


@Inproceedings{Muragod2018TheSM,
 author = {P. Muragod},
 title = {The Social Media And Politics},
 year = {2018}
}


@Article{Vliet2020TheTP,
 author = {Livia van Vliet and Petter Trnberg and J. Uitermark},
 booktitle = {PLoS ONE},
 journal = {PLoS ONE},
 title = {The Twitter parliamentarian database: Analyzing Twitter politics across 26 countries},
 volume = {15},
 year = {2020}
}


@Inproceedings{Barber2016LessIM,
 author = {Pablo Barber},
 title = {Less is more? How demographic sample weights can improve public opinion estimates based on Twitter data},
 year = {2016}
}


@Book{Hua2020CharacterizingTU,
 author = {Yiqing Hua and Mor Naaman and T. Ristenpart},
 booktitle = {International Conference on Human Factors in Computing Systems},
 journal = {Proceedings of the 2020 CHI Conference on Human Factors in Computing Systems},
 title = {Characterizing Twitter Users Who Engage in Adversarial Interactions against Political Candidates},
 year = {2020}
}


@Article{Stier2018ElectionCO,
 author = {Sebastian Stier and Arnim Bleier and H. Lietz and M. Strohmaier},
 booktitle = {Studying Politics Across Media},
 journal = {Political Communication},
 pages = {50 - 74},
 title = {Election Campaigning on Social Media: Politicians, Audiences, and the Mediation of Political Communication on Facebook and Twitter},
 volume = {35},
 year = {2018}
}


@Article{Eady2019HowMP,
 author = {G. Eady and Jonathan Nagler and A. Guess and J. Zilinsky and Joshua A. Tucker},
 booktitle = {SAGE Open},
 journal = {SAGE Open},
 title = {How Many People Live in Political Bubbles on Social Media? Evidence From Linked Survey and Twitter Data},
 volume = {9},
 year = {2019}
}


@Article{Farine2015ConstructingCA,
 author = {D. Farine and H. Whitehead},
 booktitle = {Journal of Animal Ecology},
 journal = {The Journal of Animal Ecology},
 pages = {1144 - 1163},
 title = {Constructing, conducting and interpreting animal social network analysis},
 volume = {84},
 year = {2015}
}


@Inproceedings{Tucker2018SocialMP,
 author = {Joshua A. Tucker and A. Guess and Pablo Barber and Cristian Vaccari and A. Siegel and Sergey Sanovich and D. Stukal and B. Nyhan},
 title = {Social Media, Political Polarization, and Political Disinformation: A Review of the Scientific Literature},
 year = {2018}
}
