@Article{Rost2022TrachealTM,
 author = {Franziska Rost and B. Donaubauer and H. Kirsten and T. Schwarz and P. Zimmermann and M. Siekmeyer and Daniel Grfe and Sebastian Ebel and C. Kleber and M. Lacher and M. Struck},
 booktitle = {Children},
 journal = {Children},
 title = {Tracheal Tube Misplacement after Emergency Intubation in Pediatric Trauma Patients: A Retrospective, Exploratory Study},
 volume = {9},
 year = {2022}
}


@Article{Mariano2005ACO,
 author = {E. Mariano and C. Ramamoorthy and L. Chu and Michael I. Chen and G. Hammer},
 booktitle = {Paediatric anaesthesia},
 journal = {Pediatric Anesthesia},
 title = {A comparison of three methods for estimating appropriate tracheal tube depth in children},
 volume = {15},
 year = {2005}
}


@Article{Tareerath2021AccuracyOA,
 author = {Matula Tareerath and Peerachatra Mangmeesri},
 booktitle = {Ear, nose, \& throat journal},
 journal = {Ear, Nose \& Throat Journal},
 pages = {193 - 197},
 title = {Accuracy of Age-Based Formula to Predict the Size and Depth of Cuffed Oral Preformed Endotracheal Tubes in Children Undergoing Tonsillectomy},
 volume = {102},
 year = {2021}
}


@Article{Weiss2005AppropriatePO,
 author = {M. Weiss and A. Gerber and A. Dullenkopf},
 booktitle = {British Journal of Anaesthesia},
 journal = {British journal of anaesthesia},
 pages = {
          80-7
        },
 title = {Appropriate placement of intubation depth marks in a new cuffed paediatric tracheal tube.},
 volume = {94 1},
 year = {2005}
}


@Article{Grmec2002ComparisonOT,
 author = {S. Grmec},
 booktitle = {Intensive Care Medicine},
 journal = {Intensive Care Medicine},
 pages = {701-704},
 title = {Comparison of three different methods to confirm tracheal tube placement in emergency intubation},
 volume = {28},
 year = {2002}
}


@Inproceedings{Kitabatake2005ECHOCARDIOGRAPHVDOPPLERNE,
 author = {A. Kitabatake and M. Inoue and M. Asao and D. M. and T. Masuyama and J. Tanouchi and T. Morita and M. Mishima and M. Uematsu and Takashi SHtMAZU and M. Hori and H. Abe},
 title = {ECHOCARDIOGRAPHV-DOPPLER Noninvasive evaluation of pulmonary hypertension by a pulsed Doppler technique},
 year = {2005}
}


@Article{Yoo2021DeepLF,
 author = {J. Yoo and S. Kang and Jong Sun Park and Y. Cho and S. Park and H. Yoon and Sang Jun Park and H. Jeong and Tackeun Kim},
 booktitle = {Scientific Reports},
 journal = {Scientific Reports},
 title = {Deep learning for anatomical interpretation of video bronchoscopy images},
 volume = {11},
 year = {2021}
}


@Article{Simmons-Duffin2017ASD,
 author = {D. Simmons-Duffin and D. Stanford and E. Witten},
 booktitle = {Journal of High Energy Physics},
 journal = {Journal of High Energy Physics},
 title = {A spacetime derivation of the Lorentzian OPE inversion formula},
 volume = {2018},
 year = {2017}
}


@Article{Lin2016BedsideUF,
 author = {Margaret J. Lin and Kiersten L. Gurley and B. Hoffmann},
 booktitle = {Pediatric Critical Care Medicine},
 journal = {Pediatric Critical Care Medicine},
 pages = {e469e476},
 title = {Bedside Ultrasound for Tracheal Tube Verification in Pediatric Emergency Department and ICU Patients: A Systematic Review*},
 volume = {17},
 year = {2016}
}
