@Article{Gray2015RelationBB,
 author = {Natallia Gray and G. Picone and F. Sloan and A. Yashkin},
 booktitle = {Southern medical journal (Birmingham, Ala. Print)},
 journal = {Southern Medical Journal},
 pages = {2936},
 title = {Relation between BMI and Diabetes Mellitus and Its Complications among US Older Adults},
 volume = {108},
 year = {2015}
}


@Article{Matthews2017HealthRelatedBB,
 author = {Kevin A. Matthews and J. Croft and Yong Liu and Hua Lu and D. Kanny and A. Wheaton and T. Cunningham and L. Khan and R. Caraballo and J. Holt and P. Eke and W. Giles},
 booktitle = {Morbidity and mortality weekly report. Surveillance summaries},
 journal = {MMWR Surveillance Summaries},
 pages = {1 - 8},
 title = {Health-Related Behaviors by Urban-Rural County Classification  United States, 2013},
 volume = {66},
 year = {2017}
}


@Article{Iachan2016NationalWO,
 author = {Ronaldo Iachan and Carol Pierannunzi and Kristie Healey and K. Greenlund and M. Town},
 booktitle = {BMC Medical Research Methodology},
 journal = {BMC Medical Research Methodology},
 title = {National weighting of data from the Behavioral Risk Factor Surveillance System (BRFSS)},
 volume = {16},
 year = {2016}
}


@Article{Tung2017RacialAE,
 author = {Elizabeth L. Tung and Arshiya A Baig and E. Huang and N. Laiteerapong and Kao-Ping Chua},
 booktitle = {Journal of general internal medicine},
 journal = {Journal of General Internal Medicine},
 pages = {423-429},
 title = {Racial and Ethnic Disparities in Diabetes Screening Between Asian Americans and Other Adults: BRFSS 20122014},
 volume = {32},
 year = {2017}
}


@Article{Ng2019SmokingDD,
 author = {R. Ng and R. Sutradhar and Z. Yao and W. Wodchis and L. Rosella},
 booktitle = {International Journal of Epidemiology},
 journal = {International Journal of Epidemiology},
 pages = {113 - 130},
 title = {Smoking, drinking, diet and physical activitymodifiable lifestyle risk factors and their associations with age to first chronic disease},
 volume = {49},
 year = {2019}
}


@Article{Sambola2003RoleOR,
 author = {A. Sambola and J. Osende and J. Hathcock and Michael Degen and Y. Nemerson and V. Fuster and J. Crandall and J. Badimn},
 booktitle = {Circulation},
 journal = {Circulation: Journal of the American Heart Association},
 pages = {973-977},
 title = {Role of Risk Factors in the Modulation of Tissue Factor Activity and Blood Thrombogenicity},
 volume = {107},
 year = {2003}
}


@Article{Bohn2015ImpactOP,
 author = {B. Bohn and A. Herbst and M. Pfeifer and D. Krakow and S. Zimny and F. Kopp and A. Melmer and J. Steinacker and R. Holl},
 booktitle = {Diabetes Care},
 journal = {Diabetes Care},
 pages = {1536 - 1543},
 title = {Impact of Physical Activity on Glycemic Control and Prevalence of Cardiovascular Risk Factors in Adults With Type 1 Diabetes: A Cross-sectional Multicenter Study of 18,028 Patients},
 volume = {38},
 year = {2015}
}


@Article{Schnurr2020ObesityUL,
 author = {T. Schnurr and Hermina Jakupovi and Germn D. Carrasquilla and L. ngquist and N. Grarup and T. Srensen and A. Tjnneland and K. Overvad and O. Pedersen and T. Hansen and T. Kilpelinen},
 booktitle = {Diabetologia},
 journal = {Diabetologia},
 pages = {1324-1332},
 title = {Obesity, unfavourable lifestyle and genetic risk of type 2 diabetes: a case-cohort study},
 volume = {63},
 year = {2020}
}


@Article{Wing2011BenefitsOM,
 author = {R. Wing and W. Lang and T. Wadden and M. Safford and W. Knowler and A. Bertoni and James O Hill and F. Brancati and A. Peters and L. Wagenknecht},
 booktitle = {Diabetes Care},
 journal = {Diabetes Care},
 pages = {1481 - 1486},
 title = {Benefits of Modest Weight Loss in Improving Cardiovascular Risk Factors in Overweight and Obese Individuals With Type 2 Diabetes},
 volume = {34},
 year = {2011}
}


@Article{Han2020GeneticRA,
 author = {Xu Han and Yue Wei and Hua Hu and Jing Wang and Z. Li and Fei Wang and Tengfei Long and Jing Yuan and P. Yao and Sheng Wei and Youjie Wang and Xiaomin Zhang and Huan Guo and Handong Yang and Tangchun Wu and M. He},
 booktitle = {Journal of Clinical Endocrinology and Metabolism},
 journal = {The Journal of clinical endocrinology and metabolism},
 title = {Genetic risk, a healthy lifestyle, and type 2 diabetes: the Dongfeng-Tongji cohort study.},
 year = {2020}
}


@Article{Delgado-Velandia2022HealthyLM,
 author = {M. Delgado-Velandia and Vannina Gonzlez-Marrachelli and A. Domingo-Relloso and M. Glvez-Fernndez and M. Grau-Prez and P. Olmedo and I. Galn and F. RodrguezArtalejo and N. Amig and L. Briongos-Figuero and J. Redn and J. Martn-Escudero and Daniel Monlen-Salvado and M. Tellez-Plaza and M. Sotos-Prieto},
 booktitle = {International Journal of Behavioral Nutrition and Physical Activity},
 journal = {The International Journal of Behavioral Nutrition and Physical Activity},
 title = {Healthy lifestyle, metabolomics and incident type 2 diabetes in a population-based cohort from Spain},
 volume = {19},
 year = {2022}
}


@Article{Shi2013PhysicalAS,
 author = {Liang Shi and X. Shu and Hong-Lan Li and H. Cai and Qiaolan Liu and W. Zheng and Y. Xiang and R. Villegas},
 booktitle = {PLoS ONE},
 journal = {PLoS ONE},
 title = {Physical Activity, Smoking, and Alcohol Consumption in Association with Incidence of Type 2 Diabetes among Middle-Aged and Elderly Chinese Men},
 volume = {8},
 year = {2013}
}


@Article{Chan1994ObesityFD,
 author = {J. Chan and E. Rimm and G. Colditz and M. Stampfer and W. Willett},
 booktitle = {Diabetes Care},
 journal = {Diabetes Care},
 pages = {961 - 969},
 title = {Obesity, Fat Distribution, and Weight Gain as Risk Factors for Clinical Diabetes in Men},
 volume = {17},
 year = {1994}
}


@Article{Pi-Sunyer2007ReductionIW,
 author = {X. Pi-Sunyer and G. Blackburn and F. Brancati and G. Bray and R. Bright and J. Clark and J. M. Curtis and M. Espeland and J. Foreyt and Kathryn Graves and S. Haffner and B. Harrison and James O Hill and E. Horton and J. Jakicic and R. Jeffery and K. Johnson and S. Kahn and D. Kelley and A. Kitabchi and W. Knowler and C. Lewis and B. J. Maschak-Carey and B. Montgomery and D. Nathan and Jennifer Patricio and A. Peters and J. Redmon and R. Reeves and D. Ryan and M. Safford and B. van Dorsten and T. Wadden and L. Wagenknecht and Jacqueline Wesche-Thobaben and R. Wing and S. Yanovski},
 booktitle = {Diabetes Care},
 journal = {Diabetes Care},
 pages = {1374 - 1383},
 title = {Reduction in Weight and Cardiovascular Disease Risk Factors in Individuals With Type 2 Diabetes},
 volume = {30},
 year = {2007}
}


@Article{Black2003DepressionPI,
 author = {S. A. Black and K. Markides and L. Ray},
 booktitle = {Diabetes Care},
 journal = {Diabetes care},
 pages = {
          2822-8
        },
 title = {Depression predicts increased incidence of adverse health outcomes in older Mexican Americans with type 2 diabetes.},
 volume = {26 10},
 year = {2003}
}


@Article{Singh2013TheAQ,
 author = {Gitanjali M Singh and G. Danaei and F. Farzadfar and Gretchen A. Stevens and M. Woodward and D. Wormser and S. Kaptoge and G. Whitlock and Q. Qiao and S. Lewington and E. Di Angelantonio and S. Vander Hoorn and C. Lawes and Mohammed K. Ali and D. Mozaffarian and M. Ezzati},
 booktitle = {PLoS ONE},
 journal = {PLoS ONE},
 title = {The Age-Specific Quantitative Effects of Metabolic Risk Factors on Cardiovascular Diseases and Diabetes: A Pooled Analysis},
 volume = {8},
 year = {2013}
}


@Article{Lv2017AdherenceTA,
 author = {J. Lv and Canqing Yu and Yu Guo and Z. Bian and Ling Yang and Yiping Chen and Ximin Hu and W. Hou and Junshi Chen and Zhengming Chen and L. Qi and Liming Li},
 booktitle = {International Journal of Epidemiology},
 journal = {International Journal of Epidemiology},
 pages = {1410 - 1420},
 title = {Adherence to a healthy lifestyle and the risk of type 2 diabetes in Chinese adults},
 volume = {46},
 year = {2017}
}


@Article{Rochlani2017MetabolicSP,
 author = {Y. Rochlani and N. Pothineni and S. Kovelamudi and J. Mehta},
 booktitle = {Therapeutic Advances in Cardiovascular Disease},
 journal = {Therapeutic Advances in Cardiovascular Disease},
 pages = {215 - 225},
 title = {Metabolic syndrome: pathophysiology, management, and modulation by natural compounds},
 volume = {11},
 year = {2017}
}


@Article{Reutrakul2013ChronotypeII,
 author = {S. Reutrakul and Megan M. Hood and S. Crowley and M. K. Morgan and M. Teodori and K. Knutson and E. van Cauter},
 booktitle = {Diabetes Care},
 journal = {Diabetes Care},
 pages = {2523 - 2529},
 title = {Chronotype Is Independently Associated With Glycemic Control in Type 2 Diabetes},
 volume = {36},
 year = {2013}
}


@Article{Stumvoll2000UseOT,
 author = {M. Stumvoll and A. Mitrakou and W. Pimenta and T. Jenssen and H. Yki-Jrvinen and T. W. Haeften and W. Renn and J. Gerich},
 booktitle = {Diabetes Care},
 journal = {Diabetes care},
 pages = {
          295-301
        },
 title = {Use of the oral glucose tolerance test to assess insulin release and insulin sensitivity.},
 volume = {23 3},
 year = {2000}
}


@Article{Chiu2011DerivingEB,
 author = {M. Chiu and P. Austin and D. Manuel and B. Shah and J. Tu},
 booktitle = {Diabetes Care},
 journal = {Diabetes Care},
 pages = {1741 - 1748},
 title = {Deriving Ethnic-Specific BMI Cutoff Points for Assessing Diabetes Risk},
 volume = {34},
 year = {2011}
}


@Article{Bernab-Ortiz2015ContributionOM,
 author = {A. Bernab-Ortiz and R. Carrillo-Larco and R. Gilman and W. Checkley and L. Smeeth and J. Miranda and Cronicas Cohort and Study Group},
 booktitle = {Journal of Epidemiology and Community Health},
 journal = {Journal of Epidemiology and Community Health},
 pages = {49 - 55},
 title = {Contribution of modifiable risk factors for hypertension and type-2 diabetes in Peruvian resource-limited settings},
 volume = {70},
 year = {2015}
}


@Article{Chen2018AssociationOB,
 author = {Ying Chen and Xiao-Ping Zhang and Jie Yuan and Bo-zhi Cai and Xiao-Li Wang and Xiao-li Wu and Yueqi Zhang and Xiao-Yi Zhang and T. Yin and Xiaohui Zhu and Y. Gu and S. Cui and Zhidong Lu and Xiao-ying Li},
 booktitle = {BMJ Open},
 journal = {BMJ Open},
 title = {Association of body mass index and age with incident diabetes in Chinese adults: a population-based cohort study},
 volume = {8},
 year = {2018}
}


@Article{Reis2011LifestyleFA,
 author = {J. Reis and C. Loria and P. Sorlie and Yikyung Park and A. Hollenbeck and A. Schatzkin},
 booktitle = {Annals of Internal Medicine},
 journal = {Annals of Internal Medicine},
 pages = {292 - 299},
 title = {Lifestyle Factors and Risk for New-Onset Diabetes},
 volume = {155},
 year = {2011}
}


@Article{Li2017TimeTO,
 author = {Yanping Li and Dong D. Wang and S. Ley and Malik Vasanti and A. Howard and Yu-na He and F. Hu},
 booktitle = {Diabetes Care},
 journal = {Diabetes Care},
 pages = {1685 - 1694},
 title = {Time Trends of Dietary and Lifestyle Factors and Their Potential Impact on Diabetes Burden in China},
 volume = {40},
 year = {2017}
}


@Inproceedings{Pearson2010AssociationBF,
 author = {J. F. Pearson and Chethan Bachireddy and Sangameswaran Shyamprasad and A. Goldfine and J. Brownstein},
 title = {Association between Fine Particulate Matter and Diabetes Prevalence in the United States Running Title: Association of Particulate Matter and Diabetes},
 year = {2010}
}
