@Article{Goud2009EffectOG,
 author = {R. Goud and N. D. Keizer and G. Riet and Jeremy CWyatt and A. Hasman and I. Hellemans and N. Peek},
 booktitle = {British medical journal},
 journal = {The BMJ},
 title = {Effect of guideline based computerised decision support on decision making of multidisciplinary teams: cluster randomised trial in cardiac rehabilitation},
 volume = {338},
 year = {2009}
}


@Article{Myers2020ImpactOT,
 author = {Patrick J Myers and Arika G. Gupta},
 booktitle = {Hospital Pediatrics},
 journal = {Hospital pediatrics},
 title = {Impact of the Revised NRP Meconium Aspiration Guidelines on Term Infant Outcomes.},
 year = {2020}
}


@Article{Rossi2021KnowledgeGE,
 author = {Andrea Rossi and D. Firmani and Antonio Matinata and P. Merialdo and Denilson Barbosa},
 booktitle = {ACM Transactions on Knowledge Discovery from Data},
 journal = {ACM Trans. Knowl. Discov. Data},
 pages = {14:1-14:49},
 title = {Knowledge Graph Embedding for Link Prediction: A Comparative Analysis},
 volume = {15},
 year = {2021}
}


@Article{VanderWeele2014OnTC,
 author = {T. VanderWeele and W. Robinson},
 booktitle = {Epidemiology},
 journal = {Epidemiology},
 pages = {
          473-84
        },
 title = {On the causal interpretation of race in regressions adjusting for confounding and mediating variables.},
 volume = {25 4},
 year = {2014}
}


@Article{Srenby2019ReducingRI,
 author = {A. Srenby and G. Baseckas and P. Bendahl and Johan Brndstedt and U. Hkansson and S. Nilsson and O. Patschan and M. Tinzl and M. Wokander and F. Liedberg and S. Gudjonsson},
 booktitle = {Scandinavian journal of urology},
 journal = {Scandinavian Journal of Urology},
 pages = {109 - 115},
 title = {Reducing recurrence in non-muscle-invasive bladder cancer by systematically implementing guideline-based recommendations: effect of a prospective intervention in primary bladder cancer patients},
 volume = {53},
 year = {2019}
}


@Article{Chandrasekharan2020NeonatalRA,
 author = {Praveen K. Chandrasekharan and M. Vento and D. Trevisanuto and Elizabeth Partridge and M. Underwood and J. Wiedeman and A. Katheria and S. Lakshminrusimha},
 booktitle = {American Journal of Perinatology},
 journal = {American Journal of Perinatology},
 pages = {813 - 824},
 title = {Neonatal Resuscitation and Postresuscitation Care of Infants Born to Mothers with Suspected or Confirmed SARS-CoV-2 Infection},
 volume = {37},
 year = {2020}
}


@Article{Johnson2020HeartRA,
 author = {Peter A. Johnson and G. Schmlzer},
 booktitle = {Healthcare},
 journal = {Healthcare},
 title = {Heart Rate Assessment during Neonatal Resuscitation},
 volume = {8},
 year = {2020}
}


@Article{Wyckoff2015Part1N,
 author = {M. Wyckoff and K. Aziz and M. Escobedo and V. Kapadia and J. Kattwinkel and J. Perlman and W. Simon and G. Weiner and J. Zaichkin},
 booktitle = {Circulation},
 journal = {Circulation},
 pages = {
          S543-60
        },
 title = {Part 13: Neonatal Resuscitation: 2015 American Heart Association Guidelines Update for Cardiopulmonary Resuscitation and Emergency Cardiovascular Care.},
 volume = {132 18 Suppl 2},
 year = {2015}
}


@Article{Tapsell2017EffectOI,
 author = {L. Tapsell and Maureen Lonergan and M. Batterham and E. Neale and Allison Martin and R. Thorne and F. Deane and G. Peoples},
 booktitle = {BMJ Open},
 journal = {BMJ Open},
 title = {Effect of interdisciplinary care on weight loss: a randomised controlled trial},
 volume = {7},
 year = {2017}
}


@Article{Chawla2020PerinatalNeonatalMO,
 author = {D. Chawla and D. Chirla and S. Dalwai and A. Deorari and A. Ganatra and A. Gandhi and N. Kabra and Praveen Kumar and P. Mittal and B. Parekh and M. J. Sankar and T. Singhal and S. Sivanandan and P. Tank and Federation of Obstetric and Gynaecological Societies of India and National Neonatology Forum of India and Indian Academy of Pediatrics},
 booktitle = {Indian Pediatrics},
 journal = {Indian Pediatrics},
 pages = {536 - 548},
 title = {Perinatal-Neonatal Management of COVID-19 Infection  Guidelines of the Federation of Obstetric and Gynaecological Societies of India (FOGSI), National Neonatology Forum of India (NNF), and Indian Academy of Pediatrics (IAP)},
 volume = {57},
 year = {2020}
}


@Article{Jennings2011TaskSI,
 author = {L. Jennings and A. Yebadokpo and J. Affo and M. Agbogbe and Aguima Tankoano},
 booktitle = {Implementation science : IS},
 journal = {Implementation Science : IS},
 pages = {2 - 2},
 title = {Task shifting in maternal and newborn care: a non-inferiority study examining delegation of antenatal counseling to lay nurse aides supported by job aids in Benin},
 volume = {6},
 year = {2011}
}


@Article{Bera2014EffectOK,
 author = {A. Bera and Jagabandhu Ghosh and A. Singh and A. Hazra and T. Som and Dinesh Munian},
 booktitle = {Indian Journal of Community Medicine},
 journal = {Indian Journal of Community Medicine : Official Publication of Indian Association of Preventive \& Social Medicine},
 pages = {245 - 249},
 title = {Effect of Kangaroo Mother Care on Vital Physiological Parameters of The Low Birth Weight Newborn},
 volume = {39},
 year = {2014}
}
