@Article{Kress2000DailyIO,
 author = {J. Kress and A. Pohlman and M. OConnor and J.B. Hall},
 booktitle = {New England Journal of Medicine},
 journal = {The New England journal of medicine},
 pages = {
          1471-7
        },
 title = {Daily interruption of sedative infusions in critically ill patients undergoing mechanical ventilation.},
 volume = {342 20},
 year = {2000}
}


@Article{Kollef1994EndotrachealTM,
 author = {M. Kollef and Edward J. Legare and M. Damiano},
 booktitle = {Southern medical journal (Birmingham, Ala. Print)},
 journal = {Southern Medical Journal},
 pages = {248-254},
 title = {Endotracheal Tube Misplacement: Incidence, Risk Factors, and Impact of a Quality Improvement Program},
 volume = {87},
 year = {1994}
}


@Article{Rajajee2011RealtimeUP,
 author = {V. Rajajee and J. Fletcher and L. Rochlen and T. Jacobs},
 booktitle = {Critical Care},
 journal = {Critical Care},
 pages = {R67 - R67},
 title = {Real-time ultrasound-guided percutaneous dilatational tracheostomy: a feasibility study},
 volume = {15},
 year = {2011}
}


@Article{Cook2005ThePL,
 author = {T. Cook and Gene W Lee and J. Nolan},
 booktitle = {Canadian Journal of Anaesthesia-journal Canadien D Anesthesie},
 journal = {Canadian journal of anaesthesia = Journal canadien d'anesthesie},
 pages = {
          739-60
        },
 title = {The ProSeal laryngeal mask airway: a review of the literature.},
 volume = {52 7},
 year = {2005}
}


@Article{Matava2020PediatricAM,
 author = {C. Matava and P. Kovatsis and Jennifer L. Summers and Pilar Castro and S. Denning and Julie Yu and J. Lockman and B. V. von Ungern-Sternberg and S. Sabato and Lisa K. Lee and I. Ayad and Samuel Mireles and D. Lardner and S. Whyte and J. Szolnoki and N. Jagannathan and Nicole C. P. Thompson and M. Stein and Nicholas M. Dalesio and R. Greenberg and J. Mccloskey and J. Peyton and F. Evans and B. Haydar and P. Reynolds and Franklin Chiao and B. Taicher and T. Templeton and T. Bhalla and Vidya T. Raman and Annery G. GarciaMarcinkiewicz and Jorge A. Glvez and Jonathan M. Tan and M. Rehman and Christy J. Crockett and P. Olomu and P. Szmuk and Chris D. Glover and M. Matuszczak and I. Glvez and Agnes I Hunyady and D. Polaner and C. Gooden and G. Hsu and Harshad Gumaney and Carolina PrezPradilla and E. Kiss and M. Theroux and Jennifer Lau and Saeedah Asaf and P. Ingelmo and T. Engelhardt and M. Hervas and Eric D. Greenwood and L. Javia and N. Disma and M. Yaster and J. Fiadjoe},
 booktitle = {Anesthesia and Analgesia},
 journal = {Anesthesia and Analgesia},
 title = {Pediatric Airway Management in Coronavirus Disease 2019 Patients: Consensus Guidelines From the Society for Pediatric Anesthesias Pediatric Difficult Intubation Collaborative and the Canadian Pediatric Anesthesia Society},
 year = {2020}
}


@Article{Alexander2017AnOR,
 author = {Lindsay M. Alexander and J. Escalera and Lei Ai and Charissa F. Andreotti and Karina Febre and Alexander Mangone and Natan Vega-Potler and N. Langer and A. Alexander and Meagan Kovacs and S. Litke and B. OHagan and Jennifer Andersen and Batya Bronstein and Anastasia Bui and Marijayne T. Bushey and H. Butler and Victoria Castagna and Nicolas Camacho and Elisha Chan and Danielle Citera and J. Clucas and Samantha S. Cohen and Sarah Dufek and Megan Eaves and Brian Fradera and J. Gardner and Natalie Grant-Villegas and Gabrielle M. Green and Camille Gregory and Emily Hart and Shana Harris and M. Horton and D. Kahn and Katherine E Kabotyanski and B. Karmel and Simon P. Kelly and Kayla Kleinman and Bonhwang Koo and Eliza Kramer and E. Lennon and C. Lord and G. Mantello and A. Margolis and K. Merikangas and Judith Milham and G. Minniti and Rebecca Neuhaus and Alexandra Levine and Yael Osman and Lucas C. Parra and Ken R. Pugh and Amy Racanello and Anita Restrepo and Tian Saltzman and Batya Septimus and Russell H. Tobe and Rachel C. Waltz and Anna Williams and Anna Yeo and F. Xavier Castellanos and A. Klein and T. Paus and BennettL. Leventhal and R. Craddock and H. Koplewicz and M. Milham},
 booktitle = {Scientific Data},
 journal = {Scientific Data},
 title = {An open resource for transdiagnostic research in pediatric mental health and learning disorders},
 volume = {4},
 year = {2017}
}


@Article{Palaniappan2014ACS,
 author = {R. Palaniappan and K. Sundaraj and Sebastian Sundaraj},
 booktitle = {BMC Bioinformatics},
 journal = {BMC Bioinformatics},
 pages = {223 - 223},
 title = {A comparative study of the svm and k-nn machine learning algorithms for the diagnosis of respiratory pathologies using pulmonary acoustic signals},
 volume = {15},
 year = {2014}
}
