@Article{Zhao2020PhysicalAL,
 author = {Fanfan Zhao and Wentao Wu and Xiaojie Feng and Chengzhuo Li and Didi Han and Xiaojuan Guo and Jun Lyu},
 booktitle = {Diabetes Therapy},
 journal = {Diabetes Therapy},
 pages = {1303 - 1316},
 title = {Physical Activity Levels and Diabetes Prevalence in US Adults: Findings from NHANES 20152016},
 volume = {11},
 year = {2020}
}


@Article{Bohn2015ImpactOP,
 author = {B. Bohn and A. Herbst and M. Pfeifer and D. Krakow and S. Zimny and F. Kopp and A. Melmer and J. Steinacker and R. Holl},
 booktitle = {Diabetes Care},
 journal = {Diabetes Care},
 pages = {1536 - 1543},
 title = {Impact of Physical Activity on Glycemic Control and Prevalence of Cardiovascular Risk Factors in Adults With Type 1 Diabetes: A Cross-sectional Multicenter Study of 18,028 Patients},
 volume = {38},
 year = {2015}
}


@Article{Yore2007ReliabilityAV,
 author = {M. Yore and S. Ham and B. Ainsworth and J. Kruger and J. Reis and H. Kohl and C. Macera},
 booktitle = {Medicine \& Science in Sports \& Exercise},
 journal = {Medicine and science in sports and exercise},
 pages = {
          1267-74
        },
 title = {Reliability and validity of the instrument used in BRFSS to assess physical activity.},
 volume = {39 8},
 year = {2007}
}


@Article{Aekplakorn2018PrevalenceOD,
 author = {W. Aekplakorn and S. Chariyalertsak and P. Kessomboon and S. Assanangkornchai and S. Taneepanichskul and P. Putwatana},
 booktitle = {Journal of Diabetes Research},
 journal = {Journal of Diabetes Research},
 title = {Prevalence of Diabetes and Relationship with Socioeconomic Status in the Thai Population: National Health Examination Survey, 20042014},
 volume = {2018},
 year = {2018}
}


@Article{Eckert2012ImpactOP,
 author = {K. Eckert},
 booktitle = {Diabetes, Metabolic Syndrome and Obesity : Targets and Therapy},
 journal = {Diabetes, Metabolic Syndrome and Obesity: Targets and Therapy},
 pages = {303 - 311},
 title = {Impact of physical activity and bodyweight on health-related quality of life in people with type 2 diabetes},
 volume = {5},
 year = {2012}
}


@Article{Akter2014PrevalenceOD,
 author = {S. Akter and Md. Mizanur Rahman and Sarah Krull Abe and P. Sultana},
 booktitle = {Bulletin of the World Health Organization},
 journal = {Bulletin of the World Health Organization},
 pages = {
          204-13, 213A
        },
 title = {Prevalence of diabetes and prediabetes and their risk factors among Bangladeshi adults: a nationwide survey.},
 volume = {92 3},
 year = {2014}
}


@Article{Umpierre2011PhysicalAA,
 author = {D. Umpierre and P. Ribeiro and C. Kramer and C. Leito and A. T. Zucatti and M. Azevedo and J. Gross and J. Ribeiro and B. Schaan},
 booktitle = {Journal of the American Medical Association (JAMA)},
 journal = {JAMA},
 pages = {
          1790-9
        },
 title = {Physical activity advice only or structured exercise training and association with HbA1c levels in type 2 diabetes: a systematic review and meta-analysis.},
 volume = {305 17},
 year = {2011}
}


@Article{Chan1994ObesityFD,
 author = {J. Chan and E. Rimm and G. Colditz and M. Stampfer and W. Willett},
 booktitle = {Diabetes Care},
 journal = {Diabetes Care},
 pages = {961 - 969},
 title = {Obesity, Fat Distribution, and Weight Gain as Risk Factors for Clinical Diabetes in Men},
 volume = {17},
 year = {1994}
}


@Article{Singh2013TheAQ,
 author = {Gitanjali M Singh and G. Danaei and F. Farzadfar and G. Stevens and M. Woodward and D. Wormser and S. Kaptoge and G. Whitlock and Q. Qiao and S. Lewington and E. Di Angelantonio and S. Vander Hoorn and C. Lawes and Mohammed K. Ali and D. Mozaffarian and M. Ezzati},
 booktitle = {PLoS ONE},
 journal = {PLoS ONE},
 title = {The Age-Specific Quantitative Effects of Metabolic Risk Factors on Cardiovascular Diseases and Diabetes: A Pooled Analysis},
 volume = {8},
 year = {2013}
}


@Article{Chen2018AssociationOB,
 author = {Ying Chen and Xiao-Ping Zhang and Jie Yuan and Bo-zhi Cai and Xiao-Li Wang and Xiao-li Wu and Yueqi Zhang and Xiao-Yi Zhang and T. Yin and Xiaohui Zhu and Y. Gu and S. Cui and Zhidong Lu and Xiao-ying Li},
 booktitle = {BMJ Open},
 journal = {BMJ Open},
 title = {Association of body mass index and age with incident diabetes in Chinese adults: a population-based cohort study},
 volume = {8},
 year = {2018}
}


@Article{Zhang2010PrevalenceOR,
 author = {Lei Zhang and L. Qin and Ai-ping Liu and Pei-yu Wang},
 booktitle = {Journal of Epidemiology},
 journal = {Journal of Epidemiology},
 pages = {237 - 243},
 title = {Prevalence of Risk Factors for Cardiovascular Disease and Their Associations with Diet and Physical Activity in Suburban Beijing, China},
 volume = {20},
 year = {2010}
}
