@Article{Ingelse2017EarlyFO,
 author = {S. A. Ingelse and H. Wiegers and J. Calis and J. V. van Woensel and R. A. Bem},
 booktitle = {Pediatric Critical Care Medicine},
 journal = {Pediatric Critical Care Medicine},
 pages = {e106e111},
 title = {Early Fluid Overload Prolongs Mechanical Ventilation in Children With Viral-Lower Respiratory Tract Disease*},
 volume = {18},
 year = {2017}
}


@Article{Steurer2018AlteredMI,
 author = {M. Steurer and S. Oltman and R. Baer and Sky K. Feuer and Liang Liang and R. Paynter and L. Rand and K. Ryckman and R. Keller and L. J. Pawlowski},
 booktitle = {Pediatric Research},
 journal = {Pediatric Research},
 pages = {272 - 278},
 title = {Altered metabolites in newborns with persistent pulmonary hypertension},
 volume = {84},
 year = {2018}
}


@Article{Kollef1994EndotrachealTM,
 author = {M. Kollef and Edward J. Legare and M. Damiano},
 booktitle = {Southern medical journal (Birmingham, Ala. Print)},
 journal = {Southern Medical Journal},
 pages = {248-254},
 title = {Endotracheal Tube Misplacement: Incidence, Risk Factors, and Impact of a Quality Improvement Program},
 volume = {87},
 year = {1994}
}


@Article{Mariano2005ACO,
 author = {E. Mariano and C. Ramamoorthy and L. Chu and Michael I. Chen and G. Hammer},
 booktitle = {Paediatric anaesthesia},
 journal = {Pediatric Anesthesia},
 title = {A comparison of three methods for estimating appropriate tracheal tube depth in children},
 volume = {15},
 year = {2005}
}


@Article{Takita2003TheHF,
 author = {K. Takita and Y. Morimoto and O. Kemmotsu},
 booktitle = {Journal of Cardiothoracic and Vascular Anesthesia},
 journal = {Journal of cardiothoracic and vascular anesthesia},
 pages = {
          412-3
        },
 title = {The height-based formula for prediction of left-sided double-lumen tracheal tube depth.},
 volume = {17 3},
 year = {2003}
}


@Article{Kendirli2006MechanicalVI,
 author = {T. Kendirli and A. Kavaz and Z. Yalaki and Burcu Oztrk Himi and E. Derelli and E. Ince},
 booktitle = {Turkish Journal of Pediatrics},
 journal = {The Turkish journal of pediatrics},
 pages = {
          323-7
        },
 title = {Mechanical ventilation in children.},
 volume = {48 4},
 year = {2006}
}


@Article{Rajajee2011RealtimeUP,
 author = {V. Rajajee and J. Fletcher and L. Rochlen and T. Jacobs},
 booktitle = {Critical Care},
 journal = {Critical Care},
 pages = {R67 - R67},
 title = {Real-time ultrasound-guided percutaneous dilatational tracheostomy: a feasibility study},
 volume = {15},
 year = {2011}
}


@Article{OBoyle2014DevelopmentOL,
 author = {Andrea L. OBoyle and R. Mink and N. Anas and T. Kallay},
 booktitle = {Pediatric Critical Care Medicine},
 journal = {Pediatric Critical Care Medicine},
 pages = {594599},
 title = {Development of Learning Objectives and a Validated Testing Tool for Management of Pediatric Mechanical Ventilation*},
 volume = {15},
 year = {2014}
}


@Article{Weiss2005AppropriatePO,
 author = {M. Weiss and A. Gerber and A. Dullenkopf},
 booktitle = {British Journal of Anaesthesia},
 journal = {British journal of anaesthesia},
 pages = {
          80-7
        },
 title = {Appropriate placement of intubation depth marks in a new cuffed paediatric tracheal tube.},
 volume = {94 1},
 year = {2005}
}


@Article{Foronda2011TheIO,
 author = {F. Foronda and E. Troster and J. Farias and Carmen S. V. Barbas and A. Ferraro and L. Faria and A. Bousso and F. Panico and A. Delgado},
 booktitle = {Critical Care Medicine},
 journal = {Critical Care Medicine},
 pages = {2526-2533},
 title = {The impact of daily evaluation and spontaneous breathing test on the duration of pediatric mechanical ventilation: A randomized controlled trial*},
 volume = {39},
 year = {2011}
}


@Article{Kneyber2017RecommendationsFM,
 author = {M. Kneyber and D. De Luca and E. Calderini and P. Jarreau and E. Javouhey and J. LpezHerce and J. Hammer and D. Macrae and D. Markhorst and A. Medina and M. Pons-dena and F. Racca and G. Wolf and P. Biban and J. Brierley and P. Rimensberger},
 booktitle = {Intensive Care Medicine},
 journal = {Intensive Care Medicine},
 pages = {1764 - 1780},
 title = {Recommendations for mechanical ventilation of critically ill children from the Paediatric Mechanical Ventilation Consensus Conference (PEMVECC)},
 volume = {43},
 year = {2017}
}


@Article{Newth2017VariabilityIU,
 author = {C. Newth and K. Sward and R. Khemani and K. Page and K. Meert and J. Carcillo and T. Shanley and F. Moler and M. Pollack and H. Dalton and D. Wessel and J. Berger and R. Berg and R. Harrison and R. Holubkov and A. Doctor and J. Dean and Tammara L. Jenkins and Carol E. Nicholson},
 booktitle = {Pediatric Critical Care Medicine},
 journal = {Pediatric Critical Care Medicine},
 pages = {e521e529},
 title = {Variability in Usual Care Mechanical Ventilation for Pediatric Acute Respiratory Distress Syndrome: Time for a Decision Support Protocol?*},
 volume = {18},
 year = {2017}
}


@Article{Shaw2016DysbiosisIA,
 author = {K. Shaw and Madeline Bertha and T. Hofmekler and P. Chopra and T. Vatanen and A. Srivatsa and J. Prince and Archana P Kumar and Cary G. Sauer and M. Zwick and G. Satten and A. Kostic and J. Mulle and R. Xavier and S. Kugathasan},
 booktitle = {Genome Medicine},
 journal = {Genome Medicine},
 title = {Dysbiosis, inflammation, and response to treatment: a longitudinal study of pediatric subjects with newly diagnosed inflammatory bowel disease},
 volume = {8},
 year = {2016}
}


@Article{Traiber2009ProfileAC,
 author = {C. Traiber and J. Piva and C. C. Fritsher and P. Garcia and P. Lago and E. A. Trotta and C. Ricachinevsky and F. Bueno and V. Baecker and Bianca D Lisboa},
 booktitle = {Pediatric Critical Care Medicine},
 journal = {Pediatric Critical Care Medicine},
 pages = {375-380},
 title = {Profile and consequences of children requiring prolonged mechanical ventilation in three Brazilian pediatric intensive care units},
 volume = {10},
 year = {2009}
}


@Article{Liu2022MachineLB,
 author = {Ren Liu and Zhonghua Liang and Kuo-Long Yang and Wei Li},
 booktitle = {IEEE Photonics Journal},
 journal = {IEEE Photonics Journal},
 pages = {1-11},
 title = {Machine Learning Based Visible Light Indoor Positioning With Single-LED and Single Rotatable Photo Detector},
 volume = {14},
 year = {2022}
}


@Article{Nessa2020ASO,
 author = {Ahasanun Nessa and Bhagawat Adhikari and Fatima Hussain and Xavier N Fernando},
 booktitle = {IEEE Access},
 journal = {IEEE Access},
 pages = {214945-214965},
 title = {A Survey of Machine Learning for Indoor Positioning},
 volume = {8},
 year = {2020}
}


@Article{Li2023MachineLF,
 author = {Guangjun Li and Xiangyu Zhang and Xinyu Song and Lian Duan and Guangyu Wang and Qing Xiao and Jing Li and LanYue Liang and Long Bai and S. Bai},
 booktitle = {Quantitative Imaging in Medicine and Surgery},
 journal = {Quantitative Imaging in Medicine and Surgery},
 pages = {1605 - 1618},
 title = {Machine learning for predicting accuracy of lung and liver tumor motion tracking using radiomic features},
 volume = {13},
 year = {2023}
}
