@Article{Chamberlain2021ANA,
 author = {Joshua M. Chamberlain and Francesca Spezzano and J. Kettler and Bogdan Dit},
 booktitle = {ACM Transactions on Social Computing},
 journal = {ACM Transactions on Social Computing},
 pages = {1 - 22},
 title = {A Network Analysis of Twitter Interactions by Members of the U.S. Congress},
 volume = {4},
 year = {2021}
}


@Article{Theocharis2020TheDO,
 author = {Yannis Theocharis and Pablo Barber and Z. Fazekas and Sebastian A. Popa},
 booktitle = {SAGE Open},
 journal = {SAGE Open},
 title = {The Dynamics of Political Incivility on Twitter},
 volume = {10},
 year = {2020}
}


@Book{Badawy2018WhoFF,
 author = {Adam Badawy and Kristina Lerman and Emilio Ferrara},
 booktitle = {The Web Conference},
 journal = {Companion Proceedings of The 2019 World Wide Web Conference},
 title = {Who Falls for Online Political Manipulation?},
 year = {2018}
}


@Book{Hua2020CharacterizingTU,
 author = {Yiqing Hua and Mor Naaman and T. Ristenpart},
 booktitle = {International Conference on Human Factors in Computing Systems},
 journal = {Proceedings of the 2020 CHI Conference on Human Factors in Computing Systems},
 title = {Characterizing Twitter Users Who Engage in Adversarial Interactions against Political Candidates},
 year = {2020}
}


@Article{Bail2019AssessingTR,
 author = {C. Bail and Brian M. Guay and E. Maloney and A. Combs and D. S. Hillygus and Friedolin Merhout and Deen Freelon and A. Volfovsky},
 booktitle = {Proceedings of the National Academy of Sciences of the United States of America},
 journal = {Proceedings of the National Academy of Sciences of the United States of America},
 pages = {243 - 250},
 title = {Assessing the Russian Internet Research Agencys impact on the political attitudes and behaviors of American Twitter users in late 2017},
 volume = {117},
 year = {2019}
}


@Article{Aragn2013CommunicationDI,
 author = {Pablo Aragn and Karolin Kappler and Andreas Kaltenbrunner and David Laniado and Yana Volkovich},
 journal = {Policy \& Internet},
 pages = {183-206},
 title = {Communication dynamics in twitter during political campaigns: The case of the 2011 Spanish national election},
 volume = {5},
 year = {2013}
}


@Inproceedings{Glassman2013SocialNA,
 author = {M. Glassman and Jacob R. Straus and Colleen J. Shogan},
 title = {Social Networking and Constituent Communications: Members Use of Twitter and Facebook During a Two-Month Period in the 112th Congress},
 year = {2013}
}


@Article{Benton2016LearningME,
 author = {Adrian Benton and R. Arora and Mark Dredze},
 booktitle = {Annual Meeting of the Association for Computational Linguistics},
 journal = {Proceedings of the 54th Annual Meeting of the Association for Computational Linguistics (Volume 2: Short Papers)},
 title = {Learning Multiview Embeddings of Twitter Users},
 year = {2016}
}


@Inproceedings{Perry2018EgocentricNA,
 author = {B. Perry and B. Pescosolido and S. Borgatti},
 title = {Egocentric Network Analysis: Foundations, Methods, and Models},
 year = {2018}
}


@Article{Huberman2008SocialNT,
 author = {B. Huberman and Daniel M. Romero and Fang Wu},
 booktitle = {First Monday},
 journal = {Information Systems: Behavioral \& Social Methods},
 title = {Social Networks that Matter: Twitter Under the Microscope},
 year = {2008}
}


@Article{Hemphill2013WhatsCD,
 author = {Libby Hemphill and Jahna Otterbacher and Matthew A. Shapiro},
 booktitle = {Conference on Computer Supported Cooperative Work},
 journal = {Proceedings of the 2013 conference on Computer supported cooperative work},
 title = {What's congress doing on twitter?},
 year = {2013}
}


@Article{Straus2013CommunicatingI1,
 author = {Jacob R. Straus and M. Glassman and Colleen J. Shogan and S. Smelcer},
 booktitle = {PS},
 journal = {PS: Political Science \&amp; Politics},
 pages = {60 - 66},
 title = {Communicating in 140 Characters or Less: Congressional Adoption of Twitter in the 111th Congress},
 volume = {46},
 year = {2013}
}


@Article{Valle2021PoliticalIB,
 author = {Marc Esteve Del Valle and M. Broersma and A. Ponsioen},
 booktitle = {Social science computer review},
 journal = {Social Science Computer Review},
 pages = {736 - 755},
 title = {Political Interaction Beyond Party Lines: Communication Ties and Party Polarization in Parliamentary Twitter Networks},
 volume = {40},
 year = {2021}
}


@Article{Himelboim2017ClassifyingTT,
 author = {Itai Himelboim and Marc A. Smith and Lee Rainie and B. Shneiderman and Camila Espina},
 journal = {Social Media + Society},
 title = {Classifying Twitter Topic-Networks Using Social Network Analysis},
 volume = {3},
 year = {2017}
}


@Article{Kwak2010WhatIT,
 author = {Haewoon Kwak and Changhyun Lee and Hosung Park and S. Moon},
 booktitle = {The Web Conference},
 pages = {591-600},
 title = {What is Twitter, a social network or a news media?},
 year = {2010}
}


@Article{Garca2015IdeologicalAT,
 author = {David Garca and A. Abisheva and Simon Schweighofer and U. Serdlt and F. Schweitzer},
 booktitle = {arXiv.org},
 journal = {ArXiv},
 title = {Ideological and Temporal Components of Network Polarization in Online Political Participatory Media},
 volume = {abs/1503.07711},
 year = {2015}
}


@Article{Carlisle2013IsSM,
 author = {Juliet E. Carlisle and Robert C. Patton},
 journal = {Political Research Quarterly},
 pages = {883 - 895},
 title = {Is Social Media Changing How We Understand Political Engagement? An Analysis of Facebook and the 2008 Presidential Election},
 volume = {66},
 year = {2013}
}


@Article{Rathje2021OutgroupAD,
 author = {Steve Rathje and J. V. Van Bavel and S. van der Linden},
 booktitle = {Proceedings of the National Academy of Sciences of the United States of America},
 journal = {Proceedings of the National Academy of Sciences of the United States of America},
 title = {Out-group animosity drives engagement on social media},
 volume = {118},
 year = {2021}
}


@Article{Borge-Holthoefer2014ContentAN,
 author = {Javier Borge-Holthoefer and Walid Magdy and Kareem Darwish and Ingmar Weber},
 booktitle = {Conference on Computer Supported Cooperative Work},
 journal = {Proceedings of the 18th ACM Conference on Computer Supported Cooperative Work \& Social Computing},
 title = {Content and Network Dynamics Behind Egyptian Political Polarization on Twitter},
 year = {2014}
}
