@Article{Zhu2020ClinicalAO,
 author = {Huaping Zhu and Lin Wang and Chengzhi Fang and S. Peng and Lianhong Zhang and Guiping Chang and S. Xia and Wenhao Zhou},
 booktitle = {Translational Pediatrics},
 journal = {Translational pediatrics},
 pages = {
          51-60
        },
 title = {Clinical analysis of 10 neonates born to mothers with 2019-nCoV pneumonia.},
 volume = {9 1},
 year = {2020}
}


@Article{Wiswell2000DeliveryRM,
 author = {T. Wiswell and C. Gannon and J. Jacob and L. Goldsmith and E. Szyld and K. Weiss and D. Schutzman and G. Cleary and P. Filipov and I. Kurlat and C. L. Caballero and S. Abassi and Daniel Sprague and C. Oltorf and M. Padula},
 booktitle = {Pediatrics},
 journal = {Pediatrics},
 pages = {
          1-7
        },
 title = {Delivery room management of the apparently vigorous meconium-stained neonate: results of the multicenter, international collaborative trial.},
 volume = {105 1 Pt 1},
 year = {2000}
}


@Article{Zimmermann2020COVID19IC,
 author = {P. Zimmermann and N. Curtis},
 booktitle = {The Pediatric Infectious Disease Journal},
 journal = {The Pediatric Infectious Disease Journal},
 pages = {469 - 477},
 title = {COVID-19 in Children, Pregnancy and Neonates: A Review of Epidemiologic and Clinical Features},
 volume = {39},
 year = {2020}
}


@Article{Vandenbussche2005TheEO,
 author = {F. Vandenbussche and D. Oepkes},
 booktitle = {BJOG: an International Journal of Obstetrics and Gynaecology},
 journal = {BJOG: An International Journal of Obstetrics \& Gynaecology},
 title = {The effect of the Term Breech Trial on medical intervention behaviour and neonatal outcome in The Netherlands: an analysis of 35,453 term breech infants},
 volume = {112},
 year = {2005}
}


@Article{Cutumisu2018GrowthMM,
 author = {M. Cutumisu and Matthew R G Brown and Caroline Fray and G. Schmlzer},
 booktitle = {Frontiers in Pediatrics},
 journal = {Frontiers in Pediatrics},
 title = {Growth Mindset Moderates the Effect of the Neonatal Resuscitation Program on Performance in a Computer-Based Game Training Simulation},
 volume = {6},
 year = {2018}
}


@Article{Woldu2014AssessmentOT,
 author = {M. Woldu and Molla Belay Guta and J. Lenjisa and G. T. Tegegne and Gurmu Tesafye and Hunduma Dinsa},
 journal = {International Journal of Contemporary Pediatrics},
 pages = {135-141},
 title = {Assessment of the incidence of neonatal sepsis, its risk factors, antimicrobials use and clinical outcomes in Bishoftu General Hospital, neonatal intensive care unit, Debrezeit-Ethiopia},
 volume = {1},
 year = {2014}
}


@Article{Patel2013EarlyCT,
 author = {R. Patel and T. Leong and D. Carlton and Shilpa Vyas-Read},
 booktitle = {Journal of Perinatology},
 journal = {Journal of Perinatology},
 pages = {134-140},
 title = {Early caffeine therapy and clinical outcomes in extremely preterm infants},
 volume = {33},
 year = {2013}
}


@Article{Ades2016UpdateOS,
 author = {A. Ades and Henry C. Lee},
 booktitle = {Seminars in Perinatology},
 journal = {Seminars in perinatology},
 pages = {
          447-454
        },
 title = {Update on simulation for the Neonatal Resuscitation Program.},
 volume = {40 7},
 year = {2016}
}


@Article{Zhang2016ClinicalOO,
 author = {Yingjie Zhang and Qin Shen and Yan Jia and Dan Zhou and Jibo Zhou},
 booktitle = {Journal of refractive surgery},
 journal = {Journal of refractive surgery},
 pages = {
          256-65
        },
 title = {Clinical Outcomes of SMILE and FS-LASIK Used to Treat Myopia: A Meta-analysis.},
 volume = {32 4},
 year = {2016}
}


@Article{Chu2014NeurologicalCA,
 author = {S. Chu and J. Hsu and Chiang-Wen Lee and R. Lien and HsuanRong Huang and M. Chiang and R. Fu and Ming-Horng Tsai},
 booktitle = {PLoS ONE},
 journal = {PLoS ONE},
 title = {Neurological Complications after Neonatal Bacteremia: The Clinical Characteristics, Risk Factors, and Outcomes},
 volume = {9},
 year = {2014}
}


@Article{Polin2014SurfactantRT,
 author = {R. Polin and W. Carlo},
 booktitle = {Pediatrics},
 journal = {Pediatrics},
 pages = {156 - 163},
 title = {Surfactant Replacement Therapy for Preterm and Term Neonates With Respiratory Distress},
 volume = {133},
 year = {2014}
}


@Article{Kurland2013AnOA,
 author = {G. Kurland and R. Deterding and J. Hagood and L. Young and A. Brody and R. Castile and S. Dell and L. Fan and A. Hamvas and B. Hilman and C. Langston and L. Nogee and G. Redding},
 booktitle = {American Journal of Respiratory and Critical Care Medicine},
 journal = {American journal of respiratory and critical care medicine},
 pages = {
          376-94
        },
 title = {An official American Thoracic Society clinical practice guideline: classification, evaluation, and management of childhood interstitial lung disease in infancy.},
 volume = {188 3},
 year = {2013}
}


@Article{Hall2005MorphineHA,
 author = {R. Hall and Shari S. Kronsberg and B. Barton and J. Kaiser and K. Anand},
 booktitle = {Pediatrics},
 journal = {Pediatrics},
 pages = {1351 - 1359},
 title = {Morphine, Hypotension, and Adverse Outcomes Among Preterm Neonates: Whos to Blame? Secondary Results From the NEOPAIN Trial},
 volume = {115},
 year = {2005}
}


@Article{Durie2011EffectOS,
 author = {Danielle E. Durie and L. Thornburg and C. Glantz},
 booktitle = {Obstetrics and Gynecology},
 journal = {Obstetrics \& Gynecology},
 pages = {569575},
 title = {Effect of Second-Trimester and Third-Trimester Rate of Gestational Weight Gain on Maternal and Neonatal Outcomes},
 volume = {118},
 year = {2011}
}


@Article{Blix2014DeviationsFS,
 author = {E. Blix and P. ian},
 booktitle = {Acta Obstetricia et Gynecologica Scandinavica},
 journal = {Acta Obstetricia et Gynecologica Scandinavica},
 title = {Deviations from STAN guidelines are frequent but results cannot be excluded when the effectiveness of the method should be evaluated},
 volume = {93},
 year = {2014}
}


@Article{Karaca2019LiveDL,
 author = {C. Karaca and C. Ylmaz and R. Farajov and Z. Iakobadze and S. Aydodu and M. Kl},
 booktitle = {Pediatric Transplantation},
 journal = {Pediatric Transplantation},
 title = {Live donor liver transplantation for type 1 tyrosinemia: An analysis of 15 patients},
 volume = {23},
 year = {2019}
}


@Article{Blix2019IntermittentAF,
 author = {E. Blix and R. Maude and E. Hals and S. Kisa and E. Karlsen and E. Nhr and A. de Jonge and H. Lindgren and S. Downe and L. M. Reinar and M. Foureur and A. D. Pay and A. Kaasen},
 booktitle = {PLoS ONE},
 journal = {PLoS ONE},
 title = {Intermittent auscultation fetal monitoring during labour: A systematic scoping review to identify methods, effects, and accuracy},
 volume = {14},
 year = {2019}
}


@Inproceedings{Bujold2006AntibioticTF,
 author = {E. Bujold and A. Morency and J. Pasquier},
 booktitle = {Journal of Perinatal Medicine},
 pages = {503 - 503},
 title = {Antibiotic therapy for preterm premature rupture of membranes},
 volume = {34},
 year = {2006}
}


@Article{Brierley2009ClinicalPP,
 author = {J. Brierley and J. Carcillo and K. Choong and Timothy T. Cornell and A. Decaen and A. Deymann and A. Doctor and A. Davis and J. Duff and M. Dugas and Alan Duncan and B. Evans and J. Feldman and K. Felmet and Gene Fisher and L. Frankel and H. Jeffries and B. Greenwald and J. Gutirrez and M. Hall and Y. Han and J. Hanson and J. Hazelzet and L. Hernan and Jane Kiff and N. Kissoon and A. Kon and J. Irazusta and John Lin and Angie Lorts and M. Mariscalco and R. Mehta and S. Nadel and Trung C. Nguyen and Carol E. Nicholson and M. Peters and R. Okhuysen-Cawley and T. Poulton and Monica Relves and A. Rodrguez and R. Rozenfeld and E. Schnitzler and T. Shanley and Sara Skache and P. Skippen and A. Torres and B. von Dessauer and J. Weingarten and T. Yeh and A. Zaritsky and Bonnie J Stojadinovic and J. Zimmerman and A. Zuckerberg},
 booktitle = {Critical Care Medicine},
 journal = {Critical Care Medicine},
 pages = {666-688},
 title = {Clinical practice parameters for hemodynamic support of pediatric and neonatal septic shock: 2007 update from the American College of Critical Care Medicine*},
 volume = {37},
 year = {2009}
}


@Article{Yadav2017StudyOR,
 author = {N. Yadav and Sachin Damke},
 journal = {International Journal of Contemporary Pediatrics},
 pages = {518-526},
 title = {Study of risk factors in children with birth asphyxia},
 volume = {4},
 year = {2017}
}
