@Article{Chamberlain2021ANA,
 author = {Joshua M. Chamberlain and Francesca Spezzano and J. Kettler and Bogdan Dit},
 booktitle = {ACM Transactions on Social Computing},
 journal = {ACM Transactions on Social Computing},
 pages = {1 - 22},
 title = {A Network Analysis of Twitter Interactions by Members of the U.S. Congress},
 volume = {4},
 year = {2021}
}


@Article{Hua2020TowardsMA,
 author = {Yiqing Hua and T. Ristenpart and Mor Naaman},
 booktitle = {International Conference on Web and Social Media},
 pages = {272-282},
 title = {Towards Measuring Adversarial Twitter Interactions against Candidates in the US Midterm Elections},
 year = {2020}
}


@Article{Yoon2014StrategiesAT,
 author = {H. Yoon and H. Park},
 journal = {Quality \& Quantity},
 pages = {409-423},
 title = {Strategies affecting Twitter-based networking pattern of South Korean politicians: social network analysis and exponential random graph model},
 volume = {48},
 year = {2014}
}


@Article{Theocharis2020TheDO,
 author = {Yannis Theocharis and Pablo Barber and Z. Fazekas and Sebastian A. Popa},
 booktitle = {SAGE Open},
 journal = {SAGE Open},
 title = {The Dynamics of Political Incivility on Twitter},
 volume = {10},
 year = {2020}
}


@Book{Hua2020CharacterizingTU,
 author = {Yiqing Hua and Mor Naaman and T. Ristenpart},
 booktitle = {International Conference on Human Factors in Computing Systems},
 journal = {Proceedings of the 2020 CHI Conference on Human Factors in Computing Systems},
 title = {Characterizing Twitter Users Who Engage in Adversarial Interactions against Political Candidates},
 year = {2020}
}


@Article{Eady2023ExposureTT,
 author = {G. Eady and Tom Paskhalis and J. Zilinsky and Richard Bonneau and Jonathan Nagler and Joshua A. Tucker},
 booktitle = {Nature Communications},
 journal = {Nature Communications},
 title = {Exposure to the Russian Internet Research Agency foreign influence campaign on Twitter in the 2016 US election and its relationship to attitudes and voting behavior},
 volume = {14},
 year = {2023}
}


@Article{Taddy2012MeasuringPS,
 author = {Matt Taddy},
 booktitle = {Technometrics},
 journal = {Technometrics},
 pages = {415 - 425},
 title = {Measuring Political Sentiment on Twitter: Factor Optimal Design for Multinomial Inverse Regression},
 volume = {55},
 year = {2012}
}


@Article{Kreiss2018InTO,
 author = {Daniel Kreiss and R. Lawrence and Shannon C. McGregor},
 booktitle = {Studying Politics Across Media},
 journal = {Political Communication},
 pages = {31 - 8},
 title = {In Their Own Words: Political Practitioner Accounts of Candidates, Audiences, Affordances, Genres, and Timing in Strategic Social Media Use},
 volume = {35},
 year = {2018}
}


@Article{Valle2021PoliticalIB,
 author = {Marc Esteve Del Valle and M. Broersma and A. Ponsioen},
 booktitle = {Social science computer review},
 journal = {Social Science Computer Review},
 pages = {736 - 755},
 title = {Political Interaction Beyond Party Lines: Communication Ties and Party Polarization in Parliamentary Twitter Networks},
 volume = {40},
 year = {2021}
}


@Book{Garimella2018PoliticalDO,
 author = {Venkata Rama Kiran Garimella and G. D. F. Morales and A. Gionis and M. Mathioudakis},
 booktitle = {The Web Conference},
 journal = {Proceedings of the 2018 World Wide Web Conference},
 title = {Political Discourse on Social Media: Echo Chambers, Gatekeepers, and the Price of Bipartisanship},
 year = {2018}
}


@Article{Stier2018ElectionCO,
 author = {Sebastian Stier and Arnim Bleier and H. Lietz and M. Strohmaier},
 booktitle = {Studying Politics Across Media},
 journal = {Political Communication},
 pages = {50 - 74},
 title = {Election Campaigning on Social Media: Politicians, Audiences, and the Mediation of Political Communication on Facebook and Twitter},
 volume = {35},
 year = {2018}
}


@Article{Garimella2017ALA,
 author = {Venkata Rama Kiran Garimella and Ingmar Weber},
 booktitle = {International Conference on Web and Social Media},
 journal = {ArXiv},
 title = {A Long-Term Analysis of Polarization on Twitter},
 volume = {abs/1703.02769},
 year = {2017}
}


@Article{Larsson2014OfCW,
 author = {A. Larsson and B. Kalsnes},
 booktitle = {European Journal of Communication},
 journal = {European Journal of Communication},
 pages = {653 - 667},
 title = {Of course we are on Facebook: Use and non-use of social media among Swedish and Norwegian politicians},
 volume = {29},
 year = {2014}
}


@Article{Enli2013PERSONALIZEDCI,
 author = {G. Enli and E. Skogerb},
 journal = {Information, Communication \& Society},
 pages = {757 - 774},
 title = {PERSONALIZED CAMPAIGNS IN PARTY-CENTRED POLITICS},
 volume = {16},
 year = {2013}
}
