@Article{Hua2020TowardsMA,
 author = {Yiqing Hua and T. Ristenpart and Mor Naaman},
 booktitle = {International Conference on Web and Social Media},
 pages = {272-282},
 title = {Towards Measuring Adversarial Twitter Interactions against Candidates in the US Midterm Elections},
 year = {2020}
}


@Article{Litwin2011SocialNT,
 author = {H. Litwin and Sharon Shiovitz-Ezra},
 booktitle = {The gerontologist},
 journal = {The Gerontologist},
 pages = {
          379-88
        },
 title = {Social network type and subjective well-being in a national sample of older Americans.},
 volume = {51 3},
 year = {2011}
}


@Article{Barber2019WhoLW,
 author = {Pablo Barber and Andreu Casas and Jonathan Nagler and P. Egan and Richard Bonneau and J. Jost and Joshua A. Tucker},
 booktitle = {American Political Science Review},
 journal = {The American Political Science Review},
 pages = {883 - 901},
 title = {Who Leads? Who Follows? Measuring Issue Attention and Agenda Setting by Legislators and the Mass Public Using Social Media Data},
 volume = {113},
 year = {2019}
}


@Article{Farhadloo2018AssociationsOT,
 author = {Mohsen Farhadloo and Kenneth Winneg and Man-pui Sally Chan and Kathleen Hall Jamieson and D. Albarracn},
 booktitle = {JMIR Public Health and Surveillance},
 journal = {JMIR Public Health and Surveillance},
 title = {Associations of Topics of Discussion on Twitter With Survey Measures of Attitudes, Knowledge, and Behaviors Related to Zika: Probabilistic Study in the United States},
 volume = {4},
 year = {2018}
}


@Article{Hagan1999SyringeEA,
 author = {H. Hagan and J. McGough and H. Thiede and N. Weiss and S. Hopkins and E. Alexander},
 booktitle = {American Journal of Epidemiology},
 journal = {American journal of epidemiology},
 pages = {
          203-13
        },
 title = {Syringe exchange and risk of infection with hepatitis B and C viruses.},
 volume = {149 3},
 year = {1999}
}


@Inproceedings{Barber2016LessIM,
 author = {Pablo Barber},
 title = {Less is more? How demographic sample weights can improve public opinion estimates based on Twitter data},
 year = {2016}
}


@Article{Omodei2015CharacterizingII,
 author = {E. Omodei and M. Domenico and A. Arenas},
 booktitle = {Frontiers of Physics},
 journal = {ArXiv},
 title = {Characterizing interactions in online social networks during exceptional events},
 volume = {abs/1506.09115},
 year = {2015}
}


@Article{Horvt2021BirdsOA,
 author = {Emke-gnes Horvt and E. Hargittai},
 booktitle = {Social Media + Society},
 journal = {Social Media + Society},
 title = {Birds of a Feather Flock Together Online: Digital Inequality in Social Media Repertoires},
 volume = {7},
 year = {2021}
}


@Article{Yarchi2020PoliticalPO,
 author = {Moran Yarchi and C. Baden and Neta Kligler-Vilenchik},
 journal = {Political Communication},
 pages = {98 - 139},
 title = {Political Polarization on the Digital Sphere: A Cross-platform, Over-time Analysis of Interactional, Positional, and Affective Polarization on Social Media},
 volume = {38},
 year = {2020}
}


@Article{Kenney2020COVID19AT,
 author = {M. Kenney and J. Zysman},
 booktitle = {Management and Organization Review},
 journal = {Management and Organization Review},
 pages = {747 - 752},
 title = {COVID-19 and the Increasing Centrality and Power of Platforms in China, the US, and Beyond},
 volume = {16},
 year = {2020}
}


@Article{Lai2019TracingCP,
 author = {S. S. Lai and Jesper Pagh and Fiona Huijie Zeng},
 booktitle = {Nordicom Review},
 journal = {Nordicom Review},
 pages = {141 - 157},
 title = {Tracing Communicative Patterns: A comparative ethnography across platforms, media and contexts},
 volume = {40},
 year = {2019}
}


@Article{Wuchty2011HumanCD,
 author = {S. Wuchty and Brian Uzzi},
 booktitle = {PLoS ONE},
 journal = {PLoS ONE},
 title = {Human Communication Dynamics in Digital Footsteps: A Study of the Agreement between Self-Reported Ties and Email Networks},
 volume = {6},
 year = {2011}
}


@Article{Theocharis2020TheDO,
 author = {Yannis Theocharis and Pablo Barber and Z. Fazekas and Sebastian A. Popa},
 booktitle = {SAGE Open},
 journal = {SAGE Open},
 title = {The Dynamics of Political Incivility on Twitter},
 volume = {10},
 year = {2020}
}


@Article{Tsur2015AFO,
 author = {Oren Tsur and Dan Calacci and D. Lazer},
 booktitle = {Annual Meeting of the Association for Computational Linguistics},
 pages = {1629-1638},
 title = {A Frame of Mind: Using Statistical Models for Detection of Framing and Agenda Setting Campaigns},
 year = {2015}
}


@Inproceedings{Leydesdorff2017UvADAREA,
 author = {L. Leydesdorff and A. Petersen and Inga A. Ivanova},
 title = {UvA-DARE (Digital Academic Repository) Self-organization of meaning and the reflexive communication of information},
 year = {2017}
}


@Inproceedings{Hllmann2019TheCO,
 author = {Hllmann},
 title = {The Construction of Meaning through Digital Traces},
 year = {2019}
}
