@Article{Wu2019HyperparameterOF,
 author = {Jia Wu and Xiuyun Chen and H. Zhang and Li-Dong Xiong and Hang Lei and S. Deng},
 journal = {Journal of Electronic Science and Technology},
 pages = {26-40},
 title = {Hyperparameter Optimization for Machine Learning Models Based on Bayesian Optimization},
 volume = {17},
 year = {2019}
}


@Article{Kollef1994EndotrachealTM,
 author = {M. Kollef and Edward J. Legare and M. Damiano},
 booktitle = {Southern medical journal (Birmingham, Ala. Print)},
 journal = {Southern Medical Journal},
 pages = {248-254},
 title = {Endotracheal Tube Misplacement: Incidence, Risk Factors, and Impact of a Quality Improvement Program},
 volume = {87},
 year = {1994}
}


@Article{Yoo2021DeepLF,
 author = {Ji-young Yoo and S. Kang and Jong Sun Park and Y. Cho and S. Park and H. Yoon and Sang Jun Park and H. Jeong and Tackeun Kim},
 booktitle = {Scientific Reports},
 journal = {Scientific Reports},
 title = {Deep learning for anatomical interpretation of video bronchoscopy images},
 volume = {11},
 year = {2021}
}


@Article{Marco2011DataMM,
 author = {J. Marco and Dina Silva and Ana Rodrigues and M. Guerreiro and I. Santana and A. de Mendona},
 booktitle = {BMC Research Notes},
 journal = {BMC Research Notes},
 pages = {299 - 299},
 title = {Data mining methods in the prediction of Dementia: A real-data comparison of the accuracy, sensitivity and specificity of linear discriminant analysis, logistic regression, neural networks, support vector machines, classification trees and random forests},
 volume = {4},
 year = {2011}
}


@Article{Hussain2011MachinabilityOG,
 author = {S. Hussain and V. Pandurangadu and K. Kumar},
 journal = {International journal of engineering science and technology},
 title = {Machinability of glass fiber reinforced plastic (GFRP) composite materials},
 volume = {3},
 year = {2011}
}


@Article{Kerrey2009APC,
 author = {B. Kerrey and G. Geis and A. Quinn and R. Hornung and R. Ruddy},
 booktitle = {Pediatrics},
 journal = {Pediatrics},
 pages = {e1039 - e1044},
 title = {A Prospective Comparison of Diaphragmatic Ultrasound and Chest Radiography to Determine Endotracheal Tube Position in a Pediatric Emergency Department},
 volume = {123},
 year = {2009}
}


@Article{Jagannathan2011ACE,
 author = {N. Jagannathan and Ryan J. Kozlowski and L. Sohn and K. E. Langen and A. Roth and Isabella I. Mukherji and Melanie F. Kho and S. Suresh},
 booktitle = {Anesthesia and Analgesia},
 journal = {Anesthesia \& Analgesia},
 pages = {176182},
 title = {A Clinical Evaluation of the Intubating Laryngeal Airway as a Conduit for Tracheal Intubation in Children},
 volume = {112},
 year = {2011}
}


@Article{Rajajee2011RealtimeUP,
 author = {V. Rajajee and J. Fletcher and L. Rochlen and T. Jacobs},
 booktitle = {Critical Care},
 journal = {Critical Care},
 pages = {R67 - R67},
 title = {Real-time ultrasound-guided percutaneous dilatational tracheostomy: a feasibility study},
 volume = {15},
 year = {2011}
}


@Article{Cook2005ThePL,
 author = {T. Cook and Gene W Lee and J. Nolan},
 booktitle = {Canadian Journal of Anaesthesia-journal Canadien D Anesthesie},
 journal = {Canadian journal of anaesthesia = Journal canadien d'anesthesie},
 pages = {
          739-60
        },
 title = {The ProSeal laryngeal mask airway: a review of the literature.},
 volume = {52 7},
 year = {2005}
}


@Article{Apfelbaum20212022AS,
 author = {J. Apfelbaum and Carin A. Hagberg and Richard T. Connis and B. Abdelmalak and M. Agarkar and Richard P Dutton and J. Fiadjoe and Robert Greif and P. Klock and David Mercier and S. Myatra and Ellen P O'Sullivan and William H. Rosenblatt and Massimiliano Sorbello and A. Tung},
 booktitle = {Anesthesiology},
 journal = {Anesthesiology},
 title = {2022 American Society of Anesthesiologists Practice Guidelines for Management of the Difficult Airway.},
 year = {2021}
}
