@Article{Myers2020ImpactOT,
 author = {Patrick J Myers and Arika G. Gupta},
 booktitle = {Hospital Pediatrics},
 journal = {Hospital pediatrics},
 title = {Impact of the Revised NRP Meconium Aspiration Guidelines on Term Infant Outcomes.},
 year = {2020}
}


@Article{Mangat2019PharmacologicalAN,
 author = {A. Mangat and A. Mangat and G. M. Schmlzer and G. M. Schmlzer and W. Kraft},
 booktitle = {Seminars in Fetal \& Neonatal Medicine},
 journal = {Seminars in fetal \& neonatal medicine},
 pages = {
          133-141
        },
 title = {Pharmacological and non-pharmacological treatments for the Neonatal Abstinence Syndrome (NAS).},
 volume = {24 2},
 year = {2019}
}


@Article{Vogel2013PatternsAO,
 author = {Joshua P. Vogel and J. Souza and A. M. Glmezoglu},
 booktitle = {PLoS ONE},
 journal = {PLoS ONE},
 title = {Patterns and Outcomes of Induction of Labour in Africa and Asia: A Secondary Analysis of the WHO Global Survey on Maternal and Neonatal Health},
 volume = {8},
 year = {2013}
}


@Article{Bech2022RiskFF,
 author = {Christine Manich Bech and Christina Nadia Stensgaard and S. Lund and C. Holm-Hansen and Jesper Sune Brok and U. Nygaard and Anja Poulsen},
 booktitle = {BMJ Open},
 journal = {BMJ Open},
 title = {Risk factors for neonatal sepsis in Sub-Saharan Africa: a systematic review with meta-analysis},
 volume = {12},
 year = {2022}
}


@Article{Smith2019DevelopmentOA,
 author = {Lois E. H. Smith and A. Hellstrm and A. Stahl and A. Fielder and W. Chambers and Jane Moseley and C. Toth and D. Wallace and B. Darlow and J. Aranda and B. Hallberg and J. Davis},
 booktitle = {JAMA ophthalmology},
 journal = {JAMA Ophthalmology},
 pages = {305311},
 title = {Development of a Retinopathy of Prematurity Activity Scale and Clinical Outcome Measures for Use in Clinical Trials},
 volume = {137},
 year = {2019}
}


@Article{Cutumisu2018GrowthMM,
 author = {M. Cutumisu and Matthew R G Brown and Caroline Fray and G. Schmlzer},
 booktitle = {Frontiers in Pediatrics},
 journal = {Frontiers in Pediatrics},
 title = {Growth Mindset Moderates the Effect of the Neonatal Resuscitation Program on Performance in a Computer-Based Game Training Simulation},
 volume = {6},
 year = {2018}
}


@Article{Ades2016UpdateOS,
 author = {A. Ades and Henry C. Lee},
 booktitle = {Seminars in Perinatology},
 journal = {Seminars in perinatology},
 pages = {
          447-454
        },
 title = {Update on simulation for the Neonatal Resuscitation Program.},
 volume = {40 7},
 year = {2016}
}


@Article{Kapadia2017ImpactOT,
 author = {V. Kapadia and C. Lal and Venkatakrishna Kakkilaya and R. Heyne and R. Savani and M. Wyckoff},
 booktitle = {Jornal de Pediatria},
 journal = {The Journal of Pediatrics},
 pages = {3541},
 title = {Impact of the Neonatal Resuscitation ProgramRecommended Low Oxygen Strategy on Outcomes of Infants Born Preterm},
 volume = {191},
 year = {2017}
}


@Article{Cipriani2009ComparativeEA,
 author = {A. Cipriani and T. Furukawa and G. Salanti and J. Geddes and J. Higgins and R. Churchill and N. Watanabe and A. Nakagawa and Ichiro M. Omori and H. McGuire and M. Tansella and C. Barbui},
 booktitle = {The Lancet},
 journal = {The Lancet},
 pages = {746-758},
 title = {Comparative efficacy and acceptability of 12 new-generation antidepressants: a multiple-treatments meta-analysis},
 volume = {373},
 year = {2009}
}


@Article{Baergen2001MorbidityMA,
 author = {R. Baergen and D. Malicki and C. Behling and K. Benirschke},
 booktitle = {Pediatric and Developmental Pathology},
 journal = {Pediatric and Developmental Pathology},
 pages = {144-153},
 title = {Morbidity, Mortality, and Placental Pathology in Excessively Long Umbilical Cords: Retrospective Study},
 volume = {4},
 year = {2001}
}


@Article{Barkun2019ManagementON,
 author = {A. Barkun and Majid Abdulrahman Almadi and E. Kuipers and L. Laine and J. Sung and F. Tse and G. Leontiadis and N. Abraham and X. Calvet and F. Chan and J. Douketis and R. Enns and I. Gralnek and V. Jairath and Dennis Jensen and J. Lau and G. Lip and R. Loffroy and F. Maluf-Filho and A. Meltzer and N. Reddy and J. Saltzman and J. Marshall and M. Bardou},
 booktitle = {Annals of Internal Medicine},
 journal = {Annals of Internal Medicine},
 pages = {805-822},
 title = {Management of Nonvariceal Upper Gastrointestinal Bleeding: Guideline Recommendations From the International Consensus Group},
 volume = {171},
 year = {2019}
}


@Article{Bell2000PracticeGF,
 author = {C. Bell and C. Bulik and P. Clayton and S. Crow and D. Davis and D. DeMaso and J. Dogin and C. Fairburn and A. Fink and M. Fisher and S. Forman and David M. Garner and N. Golden and J. Hagan and A. Kaplan and D. Katzman and M. Katzman and D. Keddy and T. Kottke and R. Kreipe and E. Lonegran and J. Motto and D. Mickley and J. Rubel and M. Schienholtz and P. Schyve and R. Sloan and M. Sokol and J. Sparrow and M. Strober and A. Stunkard and R. Suchinsky and J. Swanson and J. Treasure and J. Westermeyer and D. Wilfley and S. Wonderlich},
 booktitle = {American Journal of Psychiatry},
 journal = {The American journal of psychiatry},
 pages = {
          1-39
        },
 title = {Practice guideline for the treatment of patients with eating disorders (revision). American Psychiatric Association Work Group on Eating Disorders.},
 volume = {157 1 Suppl},
 year = {2000}
}


@Article{Stoll2010NeonatalOO,
 author = {B. Stoll and N. Hansen and E. Bell and S. Shankaran and A. Laptook and M. Walsh and E. Hale and N. Newman and K. Schibler and W. Carlo and K. Kennedy and B. Poindexter and N. Finer and R. Ehrenkranz and S. Duara and P. Snchez and T. O'Shea and R. Goldberg and K. V. van Meurs and R. Faix and D. Phelps and I. Frantz and K. Watterberg and S. Saha and A. Das and R. Higgins},
 booktitle = {Pediatrics},
 journal = {Pediatrics},
 pages = {443 - 456},
 title = {Neonatal Outcomes of Extremely Preterm Infants From the NICHD Neonatal Research Network},
 volume = {126},
 year = {2010}
}


@Article{Boundy2016KangarooMC,
 author = {E. O. Boundy and R. Dastjerdi and D. Spiegelman and W. Fawzi and S. Missmer and E. Lieberman and S. Kajeepeta and S. Wall and G. Chan},
 booktitle = {Pediatrics},
 journal = {Pediatrics},
 title = {Kangaroo Mother Care and Neonatal Outcomes: A Meta-analysis},
 volume = {137},
 year = {2016}
}


@Article{Salvatore2020NeonatalMA,
 author = {C. Salvatore and Jin-Young Han and Karen P. Acker and P. Tiwari and Jenny C Jin and M. Brandler and C. Cangemi and L. Gordon and A. Parow and Jennifer I Dipace and P. Delamora},
 booktitle = {The Lancet Child \& Adolescent Health},
 journal = {The Lancet. Child \& Adolescent Health},
 pages = {721 - 727},
 title = {Neonatal management and outcomes during the COVID-19 pandemic: an observation cohort study},
 volume = {4},
 year = {2020}
}


@Article{Carbine2000VideoRA,
 author = {Douglas N. Carbine and N. Finer and E. Knodel and W. Rich},
 booktitle = {Pediatrics},
 journal = {Pediatrics},
 pages = {654 - 658},
 title = {Video Recording as a Means of Evaluating Neonatal Resuscitation Performance},
 volume = {106},
 year = {2000}
}


@Article{Boyle2015NeonatalOA,
 author = {E. Boyle and S. Johnson and B. Manktelow and S. Seaton and E. Draper and Lucy K Smith and J. Dorling and N. Marlow and S. Petrou and D. Field},
 booktitle = {Archives of Disease in Childhood: Fetal and Neonatal Edition},
 journal = {Archives of Disease in Childhood. Fetal and Neonatal Edition},
 pages = {F479 - F485},
 title = {Neonatal outcomes and delivery of care for infants born late preterm or moderately preterm: a prospective population-based study},
 volume = {100},
 year = {2015}
}


@Article{Ranjeva2018EconomicBO,
 author = {S. Ranjeva and B. Warf and S. Schiff},
 booktitle = {BMJ Global Health},
 journal = {BMJ Global Health},
 title = {Economic burden of neonatal sepsis in sub-Saharan Africa},
 volume = {3},
 year = {2018}
}


@Article{Selewski2015NeonatalAK,
 author = {D. Selewski and J. Charlton and J. Jetton and R. Guillet and M. Mhanna and D. Askenazi and A. Kent},
 booktitle = {Pediatrics},
 journal = {Pediatrics},
 pages = {e463 - e473},
 title = {Neonatal Acute Kidney Injury},
 volume = {136},
 year = {2015}
}
