@Article{Rost2022TrachealTM,
 author = {Franziska Rost and B. Donaubauer and H. Kirsten and T. Schwarz and P. Zimmermann and M. Siekmeyer and Daniel Grfe and Sebastian Ebel and C. Kleber and M. Lacher and M. Struck},
 booktitle = {Children},
 journal = {Children},
 title = {Tracheal Tube Misplacement after Emergency Intubation in Pediatric Trauma Patients: A Retrospective, Exploratory Study},
 volume = {9},
 year = {2022}
}


@Article{Massoth2020NasolaryngealDI,
 author = {C. Massoth and C. Schlke and J. Kppe and R. Weiss and D. Ppping and Michael Dahrmann and A. Zarbock and M. Wenk},
 booktitle = {Anesthesia and Analgesia},
 journal = {Anesthesia \& Analgesia},
 pages = {1018 - 1025},
 title = {Nasolaryngeal Distances in the Adult Population and an Evaluation of Commercially Available Nasotracheal Tubes},
 volume = {130},
 year = {2020}
}


@Article{Nguyen2016AccuracyOA,
 author = {Sarah Nguyen and A. Fang and V. Saxton and J. Holberton},
 booktitle = {Advances in Neonatal Care},
 journal = {Advances in Neonatal Care},
 pages = {158161},
 title = {Accuracy of a Weight-Based Formula for Neonatal Gastric Tube Insertion Length},
 volume = {16},
 year = {2016}
}


@Article{Uya2020PointofCareUI,
 author = {A. Uya and Nischal K. Gautam and Muhammad B. Rafique and O. Pawelek and Syamasundar R Patnana and Monesha Gupta-Malhotra and D. Balaguru and M. Numan and M. Hill and Sara K. Miller},
 booktitle = {Pediatric Critical Care Medicine},
 journal = {Pediatric Critical Care Medicine},
 pages = {e393 - e398},
 title = {Point-of-Care Ultrasound in Sternal Notch Confirms Depth of Endotracheal Tube in Children*},
 volume = {21},
 year = {2020}
}


@Article{Ingelse2017EarlyFO,
 author = {S. A. Ingelse and H. Wiegers and J. Calis and J. V. van Woensel and R. A. Bem},
 booktitle = {Pediatric Critical Care Medicine},
 journal = {Pediatric Critical Care Medicine},
 pages = {e106e111},
 title = {Early Fluid Overload Prolongs Mechanical Ventilation in Children With Viral-Lower Respiratory Tract Disease*},
 volume = {18},
 year = {2017}
}


@Article{Gharpure2000IndicatorsOP,
 author = {V. Gharpure and K. Meert and A. Sarnaik and N. Metheny},
 booktitle = {Critical Care Medicine},
 journal = {Critical Care Medicine},
 pages = {2962-2966},
 title = {Indicators of postpyloric feeding tube placement in children},
 volume = {28},
 year = {2000}
}


@Article{Dial2001PediatricSF,
 author = {Sharon Dial and Peter Silver and Kevin Bock and M. Sagy},
 booktitle = {Pediatric emergency care},
 journal = {Pediatric emergency care},
 pages = {
          414-20
        },
 title = {Pediatric sedation for procedures titrated to a desired degree of immobility results in unpredictable depth of sedation.},
 volume = {17 6},
 year = {2001}
}


@Article{Bang2021UseOE,
 author = {C. S. Bang and Hyun Lim and Hae Min Jeong and Sungwook Hwang},
 booktitle = {Journal of Medical Internet Research},
 journal = {Journal of Medical Internet Research},
 title = {Use of Endoscopic Images in the Prediction of Submucosal Invasion of Gastric Neoplasms: Automated Deep Learning Model Development and Usability Study},
 volume = {23},
 year = {2021}
}


@Article{Dunn2020BenchmarkingMP,
 author = {Alex Dunn and Qi Wang and A. Ganose and Daniel Dopp and Anubhav Jain},
 booktitle = {npj Computational Materials},
 journal = {npj Computational Materials},
 pages = {1-10},
 title = {Benchmarking materials property prediction methods: the Matbench test set and Automatminer reference algorithm},
 volume = {6},
 year = {2020}
}


@Conference{Huang2023Photonics,
 author = {Yuting Huang and Jiangbing Du and Yufeng Chen and Ke Xu and Zuyuan He},
 booktitle = {2023 International Conference on Electrical Engineering and Photonics (EExPolytech)},
 journal = {2023 International Conference on Electrical Engineering and Photonics (EExPolytech)},
 title = {Photonics},
 year = {2023}
}


@Article{Raczko2017ComparisonOS,
 author = {Edwin Raczko and Bogdan Zagajewski},
 journal = {European Journal of Remote Sensing},
 pages = {144 - 154},
 title = {Comparison of support vector machine, random forest and neural network classifiers for tree species classification on airborne hyperspectral APEX images},
 volume = {50},
 year = {2017}
}


@Article{Kapsner1993TheED,
 author = {Christopher E. Kapsner and David C. Seaberg and C. Stengel and K. Ilkhanipour and J. Menegazzi},
 booktitle = {Prehospital and Disaster Medicine},
 journal = {Prehospital and Disaster Medicine},
 pages = {60 - 62},
 title = {The Esophageal Detector Device: Accuracy and Reliability in Difficult Airway Settings},
 volume = {11},
 year = {1993}
}


@Article{Faigle2015NovelSP,
 author = {R. Faigle and E. Marsh and R. Llinas and V. Urrutia and R. Gottesman},
 booktitle = {Stroke},
 journal = {Stroke},
 pages = {3136},
 title = {Novel Score Predicting Gastrostomy Tube Placement in Intracerebral Hemorrhage},
 volume = {46},
 year = {2015}
}
