@Article{Ebuchi2000EvaluationOW,
 author = {N. Ebuchi},
 booktitle = {IGARSS 2001. Scanning the Present and Resolving the Future. Proceedings. IEEE 2001 International Geoscience and Remote Sensing Symposium (Cat. No.01CH37217)},
 journal = {IGARSS 2001. Scanning the Present and Resolving the Future. Proceedings. IEEE 2001 International Geoscience and Remote Sensing Symposium (Cat. No.01CH37217)},
 pages = {1082-1085 vol.3},
 title = {Evaluation of wind vectors observed by QuikSCAT/SeaWinds using ocean buoy data},
 volume = {3},
 year = {2000}
}


@Article{Bendavid2022ANM,
 author = {I. Bendavid and Liran Statlender and L. Shvartser and Shmuel Teppler and Roy Azullay and Rotem Sapir and P. Singer},
 booktitle = {Scientific Reports},
 journal = {Scientific Reports},
 title = {A novel machine learning model to predict respiratory failure and invasive mechanical ventilation in critically ill patients suffering from COVID-19},
 volume = {12},
 year = {2022}
}


@Article{Gldner2015IntraoperativePM,
 author = {A. Gldner and T. Kiss and A. Serpa Neto and S. Hemmes and J. Canet and P. Spieth and P. Rocco and M. Schultz and P. Pelosi and M. Gama de Abreu},
 booktitle = {Anesthesiology},
 journal = {Anesthesiology},
 pages = {692713},
 title = {Intraoperative Protective Mechanical Ventilation for Prevention of Postoperative Pulmonary Complications: A Comprehensive Review of the Role of Tidal Volume, Positive End-expiratory Pressure, and Lung Recruitment Maneuvers},
 volume = {123},
 year = {2015}
}


@Article{Peine2021DevelopmentAV,
 author = {A. Peine and Ahmed Hallawa and J. Bickenbach and Guido Dartmann and L. Fazlic and A. Schmeink and G. Ascheid and C. Thiemermann and A. Schuppert and R. Kindle and L. Celi and G. Marx and L. Martin},
 booktitle = {npj Digital Medicine},
 journal = {NPJ Digital Medicine},
 title = {Development and validation of a reinforcement learning algorithm to dynamically optimize mechanical ventilation in critical care},
 volume = {4},
 year = {2021}
}


@Article{Ladha2015IntraoperativePM,
 author = {K. Ladha and M. V. Vidal Melo and D. Mclean and J. Wanderer and S. Grabitz and T. Kurth and M. Eikermann},
 booktitle = {British medical journal},
 journal = {The BMJ},
 title = {Intraoperative protective mechanical ventilation and risk of postoperative respiratory complications: hospital based registry study},
 volume = {351},
 year = {2015}
}


@Article{Blevins2015ThePS,
 author = {Christy A. Blevins and F. Weathers and Margaret T. Davis and Tracy K. Witte and Jessica L. Domino},
 booktitle = {Journal of Traumatic Stress},
 journal = {Journal of traumatic stress},
 pages = {
          489-98
        },
 title = {The Posttraumatic Stress Disorder Checklist for DSM-5 (PCL-5): Development and Initial Psychometric Evaluation.},
 volume = {28 6},
 year = {2015}
}


@Article{Ingelse2017EarlyFO,
 author = {S. A. Ingelse and H. Wiegers and J. Calis and J. V. van Woensel and R. A. Bem},
 booktitle = {Pediatric Critical Care Medicine},
 journal = {Pediatric Critical Care Medicine},
 pages = {e106e111},
 title = {Early Fluid Overload Prolongs Mechanical Ventilation in Children With Viral-Lower Respiratory Tract Disease*},
 volume = {18},
 year = {2017}
}


@Article{Dillier2004LaryngealDD,
 author = {C. Dillier and D. Trachsel and W. Baulig and C. Gysin and A. Gerber and M. Weiss},
 booktitle = {Canadian Journal of Anaesthesia-journal Canadien D Anesthesie},
 journal = {Canadian Journal of Anesthesia},
 pages = {72-75},
 title = {Laryngeal damage due to an unexpectedly large and inappropriately designed cuffed pediatric tracheal tube in a 13-month-old child},
 volume = {51},
 year = {2004}
}


@Article{Klompas2011MulticenterEO,
 author = {M. Klompas and Y. Khan and K. Kleinman and R. S. Evans and James F. Lloyd and Kurt and Stevenson and M. Samore and R. Platt},
 booktitle = {PLoS ONE},
 journal = {PLoS ONE},
 title = {Multicenter Evaluation of a Novel Surveillance Paradigm for Complications of Mechanical Ventilation},
 volume = {6},
 year = {2011}
}


@Article{Neto2015LungProtectiveVW,
 author = {A. Neto and F. Simonis and Carmen S. V. Barbas and M. Biehl and R. Determann and J. Elmer and G. Friedman and O. Gajic and J. Goldstein and R. Linko and R. Pinheiro de Oliveira and Sugantha Sundar and D. Talmor and E. Wolthuis and M. Gama de Abreu and P. Pelosi and M. Schultz},
 booktitle = {Critical Care Medicine},
 journal = {Critical Care Medicine},
 pages = {21552163},
 title = {Lung-Protective Ventilation With Low Tidal Volumes and the Occurrence of Pulmonary Complications in Patients Without Acute Respiratory Distress Syndrome: A Systematic Review and Individual Patient Data Analysis*},
 volume = {43},
 year = {2015}
}


@Article{Burns2014NoninvasiveVA,
 author = {K. Burns and M. Meade and A. Premji and N. Adhikari},
 booktitle = {Canadian Medical Association Journal},
 journal = {Canadian Medical Association Journal},
 pages = {E112 - E122},
 title = {Noninvasive ventilation as a weaning strategy for mechanical ventilation in adults with respiratory failure: a Cochrane systematic review},
 volume = {186},
 year = {2014}
}


@Article{Severgnini2013ProtectiveMV,
 author = {P. Severgnini and G. Selmo and C. Lanza and A. Chiesa and A. Frigerio and A. Bacuzzi and G. Dionigi and R. Novario and C. Gregoretti and M. G. de Abreu and M. Schultz and S. Jaber and E. Futier and M. Chiaranda and P. Pelosi},
 booktitle = {Anesthesiology},
 journal = {Anesthesiology},
 pages = {13071321},
 title = {Protective Mechanical Ventilation during General Anesthesia for Open Abdominal Surgery Improves Postoperative Pulmonary Function},
 volume = {118},
 year = {2013}
}


@Article{Cot2016GuidelinesFM,
 author = {C. Cot and Stephen Wilson},
 booktitle = {Pediatrics},
 journal = {Pediatrics},
 pages = {
          2587-602
        },
 title = {Guidelines for monitoring and management of pediatric patients during and after sedation for diagnostic and therapeutic procedures: an update.},
 volume = {118 6},
 year = {2016}
}


@Article{Maggiore2013DecreasingTA,
 author = {S. Maggiore and F. Lellouche and C. Pignataro and E. Girou and B. Matre and J. Richard and F. Lemaire and C. Brun-Buisson and L. Brochard},
 booktitle = {Respiratory care},
 journal = {Respiratory Care},
 pages = {1588 - 1597},
 title = {Decreasing the Adverse Effects of Endotracheal Suctioning During Mechanical Ventilation by Changing Practice},
 volume = {58},
 year = {2013}
}


@Article{Lee2009BedsidePO,
 author = {B. Lee and J. Yi and Jun-Young Chung and Dong-Ok Kim and Jong-Man Kang},
 booktitle = {Anesthesiology},
 journal = {Anesthesiology},
 pages = {556-560},
 title = {Bedside Prediction of Airway Length in Adults and Children},
 volume = {111},
 year = {2009}
}


@Article{Rechenauer2018ACO,
 author = {T. Rechenauer and J. Zierk and Daniel Grfe and W. Rascher and M. Rauh and M. Metzler},
 booktitle = {Klinische Pdiatrie},
 journal = {Klinische Pdiatrie},
 pages = {142 - 150},
 title = {A Comparison of GFR Estimation Formulae in Pediatric Oncology},
 volume = {230},
 year = {2018}
}


@Article{Gerhardt2011CreatininebasedGF,
 author = {T. Gerhardt and U. Pge and B. StoffelWagner and H. Palmedo and T. Sauerbruch and R. Woitas},
 booktitle = {European Journal of Gastroenterology and Hepathology},
 journal = {European Journal of Gastroenterology \& Hepatology},
 pages = {969973},
 title = {Creatinine-based glomerular filtration rate estimation in patients with liver disease: the new Chronic Kidney Disease Epidemiology Collaboration equation is not better},
 volume = {23},
 year = {2011}
}


@Article{Desgrouas2021KineticGF,
 author = {Maxime Desgrouas and H. Merdji and A. Bretagnol and C. Barin-le Guellec and J. Halimi and S. Ehrmann and C. Salmon Gandonnire},
 booktitle = {Critical Care Medicine},
 journal = {Critical Care Medicine},
 pages = {e761 - e770},
 title = {Kinetic Glomerular Filtration Rate Equations in Patients With Shock: Comparison With the Iohexol-Based Gold-Standard Method},
 volume = {49},
 year = {2021}
}


@Article{Jalalonmuhali2018EstimatingRF,
 author = {M. Jalalonmuhali and Salma Mohamed Abouzriba Elagel and M. Tan and S. Lim and K. Ng},
 booktitle = {International Journal of Nephrology},
 journal = {International Journal of Nephrology},
 title = {Estimating Renal Function in the Elderly Malaysian Patients Attending Medical Outpatient Clinic: A Comparison between Creatinine Based and Cystatin-C Based Equations},
 volume = {2018},
 year = {2018}
}
