@Article{Ingelse2017EarlyFO,
 author = {S. A. Ingelse and H. Wiegers and J. Calis and J. V. van Woensel and R. A. Bem},
 booktitle = {Pediatric Critical Care Medicine},
 journal = {Pediatric Critical Care Medicine},
 pages = {e106e111},
 title = {Early Fluid Overload Prolongs Mechanical Ventilation in Children With Viral-Lower Respiratory Tract Disease*},
 volume = {18},
 year = {2017}
}


@Article{Tareerath2021AccuracyOA,
 author = {Matula Tareerath and Peerachatra Mangmeesri},
 booktitle = {Ear, nose, \& throat journal},
 journal = {Ear, Nose \& Throat Journal},
 pages = {193 - 197},
 title = {Accuracy of Age-Based Formula to Predict the Size and Depth of Cuffed Oral Preformed Endotracheal Tubes in Children Undergoing Tonsillectomy},
 volume = {102},
 year = {2021}
}


@Article{Steurer2018AlteredMI,
 author = {M. Steurer and S. Oltman and R. Baer and Sky K. Feuer and Liang Liang and R. Paynter and L. Rand and K. Ryckman and R. Keller and L. J. Pawlowski},
 booktitle = {Pediatric Research},
 journal = {Pediatric Research},
 pages = {272 - 278},
 title = {Altered metabolites in newborns with persistent pulmonary hypertension},
 volume = {84},
 year = {2018}
}


@Article{Sampaio2015TheIO,
 author = {Tatiana Sampaio and Katie OHearn and D. Reddy and K. Menon},
 booktitle = {Pediatric Cardiology},
 journal = {Pediatric Cardiology},
 pages = {1692-1699},
 title = {The Influence of Fluid Overload on the Length of Mechanical Ventilation in Pediatric Congenital Heart Surgery},
 volume = {36},
 year = {2015}
}


@Article{Gupta2016RiskFF,
 author = {Punkaj Gupta and M. Rettiganti and J. Gossett and Justin Yeh and H. Jeffries and T. Rice and R. Wetzel},
 booktitle = {Journal of Thoracic and Cardiovascular Surgery},
 journal = {The Journal of thoracic and cardiovascular surgery},
 pages = {
          451-8.e3
        },
 title = {Risk factors for mechanical ventilation and reintubation after pediatric heart surgery.},
 volume = {151 2},
 year = {2016}
}


@Inproceedings{Tsoulfanidis1983MeasurementAD,
 author = {N. Tsoulfanidis and S. Landsberger},
 title = {Measurement and detection of radiation},
 year = {1983}
}


@Article{Narula2018EnteralNT,
 author = {N. Narula and A. Dhillon and Dongni Zhang and M. Sherlock and M. Tondeur and M. Zachos},
 booktitle = {Cochrane Database of Systematic Reviews},
 journal = {The Cochrane database of systematic reviews},
 pages = {
          CD000542
        },
 title = {Enteral nutritional therapy for induction of remission in Crohn's disease.},
 volume = {4},
 year = {2018}
}


@Article{Parkin1987SoilMA,
 author = {T. Parkin},
 journal = {Soil Science Society of America Journal},
 pages = {1194-1199},
 title = {Soil Microsites as a Source of Denitrification Variability1},
 volume = {51},
 year = {1987}
}


@Article{Bernstein1998IsBT,
 author = {Tamar Bernstein and R. Brilli and B. Jacobs},
 booktitle = {Clinical Infectious Diseases},
 journal = {Clinical infectious diseases : an official publication of the Infectious Diseases Society of America},
 pages = {
          458-62
        },
 title = {Is bacterial tracheitis changing? A 14-month experience in a pediatric intensive care unit.},
 volume = {27 3},
 year = {1998}
}


@Article{Gadek1999EffectOE,
 author = {J. Gadek and J. Gadek and S. Demichele and S. Demichele and M. Karlstad and M. Karlstad and E. Pacht and E. Pacht and M. Donahoe and M. Donahoe and T. Albertson and T. Albertson and C. V. Hoozen and C. V. Hoozen and A. Wennberg and A. Wennberg and J. Nelson and J. Nelson and M. Noursalehi and J. Drake and P. Farmer and J. Hart and Carol Koetting-Freeman and N. Rague and E. Cruz and C. Mucenski and S. Morris and Kathy Gardener and Mary Moore and J. Whelan and C. C. Snider and M. Murray and B. Harrison and Matthew M. Kumar and A. Baumgartner and Lynn K. Harstad and A. Crory and Ellen Vlastelin and R. Allen and R. Tharratt and Nick Satow and Yinpu Chen and M. Hill and W. LeeTheresa and Anne Rudick and T. Gregory and M. Mccamish},
 booktitle = {Critical Care Medicine},
 journal = {Critical care medicine},
 pages = {
          1409-20
        },
 title = {Effect of enteral feeding with eicosapentaenoic acid, gamma-linolenic acid, and antioxidants in patients with acute respiratory distress syndrome. Enteral Nutrition in ARDS Study Group.},
 volume = {27 8},
 year = {1999}
}
