@Article{Myers2020ImpactOT,
 author = {Patrick J Myers and Arika G. Gupta},
 booktitle = {Hospital Pediatrics},
 journal = {Hospital pediatrics},
 title = {Impact of the Revised NRP Meconium Aspiration Guidelines on Term Infant Outcomes.},
 year = {2020}
}


@Article{Rahman2019IdentificationON,
 author = {Rayees Rahman and A. Kodesh and S. Levine and S. Sandin and A. Reichenberg and A. Schlessinger},
 booktitle = {European psychiatry},
 journal = {European Psychiatry : the journal of the Association of European Psychiatrists},
 title = {Identification of newborns at risk for autism using electronic medical records and machine learning},
 volume = {63},
 year = {2019}
}


@Article{Mileder2021TelesimulationAA,
 author = {L. Mileder and Michael Bereiter and T. Wegscheider},
 booktitle = {Medical Education Online},
 journal = {Medical Education Online},
 title = {Telesimulation as a modality for neonatal resuscitation training},
 volume = {26},
 year = {2021}
}


@Article{Oommen2020ResuscitationON,
 author = {V. Oommen and V. Ramaswamy and E. Szyld and C. Roehr},
 booktitle = {Archives of Disease in Childhood},
 journal = {Archives of Disease in Childhood},
 pages = {324 - 326},
 title = {Resuscitation of non-vigorous neonates born through meconium-stained amniotic fluid: post policy change impact analysis},
 volume = {106},
 year = {2020}
}


@Article{Thayyil2010CerebralMR,
 author = {S. Thayyil and M. Chandrasekaran and A. Taylor and A. Bainbridge and E. Cady and W. Chong and S. Murad and R. Omar and N. Robertson},
 booktitle = {Pediatrics},
 journal = {Pediatrics},
 pages = {e382 - e395},
 title = {Cerebral Magnetic Resonance Biomarkers in Neonatal Encephalopathy: A Meta-analysis},
 volume = {125},
 year = {2010}
}


@Article{Munns2016GlobalCR,
 author = {C. Munns and N. Shaw and M. Kiely and B. Specker and T. Thacher and K. Ozono and T. Michigami and D. Tiosano and M. Z. Mughal and O. Mkitie and Lorna Ramos-Abad and L. Ward and L. Dimeglio and N. Atapattu and H. Cassinelli and C. Braegger and J. Pettifor and A. Seth and H. Idris and V. Bhatia and Junfen Fu and G. Goldberg and L. Svendahl and R. Khadgawat and P. Pudowski and J. Maddock and E. Hyppnen and A. Oduwole and E. Frew and Magda Aguiar and T. Tulchinsky and G. Butler and W. Hgler},
 booktitle = {Journal of Clinical Endocrinology and Metabolism},
 journal = {The Journal of clinical endocrinology and metabolism},
 pages = {
          394-415
        },
 title = {Global Consensus Recommendations on Prevention and Management of Nutritional Rickets.},
 volume = {101 2},
 year = {2016}
}


@Article{Wyckoff2015Part1N,
 author = {M. Wyckoff and K. Aziz and M. Escobedo and V. Kapadia and J. Kattwinkel and J. Perlman and W. Simon and G. Weiner and J. Zaichkin},
 booktitle = {Circulation},
 journal = {Circulation},
 pages = {
          S543-60
        },
 title = {Part 13: Neonatal Resuscitation: 2015 American Heart Association Guidelines Update for Cardiopulmonary Resuscitation and Emergency Cardiovascular Care.},
 volume = {132 18 Suppl 2},
 year = {2015}
}


@Article{Salas2011PrognosticFI,
 author = {S. Salas and A. Dufresne and B. Bui and J. Blay and P. Terrier and D. RanchreVince and S. Bonvalot and E. Stoeckle and L. Guillou and A. Le Cesne and O. Oberlin and V. Brouste and J. Coindre},
 booktitle = {Journal of Clinical Oncology},
 journal = {Journal of clinical oncology : official journal of the American Society of Clinical Oncology},
 pages = {
          3553-8
        },
 title = {Prognostic factors influencing progression-free survival determined from a series of sporadic desmoid tumors: a wait-and-see policy according to tumor presentation.},
 volume = {29 26},
 year = {2011}
}


@Article{Daz2006AnAO,
 author = {Juan-Jos Daz and S. Handa},
 booktitle = {The Journal of human resources},
 journal = {The Journal of Human Resources},
 pages = {319 - 345},
 title = {An Assessment of Propensity Score Matching as a Nonexperimental Impact Estimator},
 volume = {XLI},
 year = {2006}
}


@Article{Lee2012RevisitingTI,
 author = {Jaekyung Lee and T. Reeves},
 journal = {Educational Evaluation and Policy Analysis},
 pages = {209 - 231},
 title = {Revisiting the Impact of NCLB High-Stakes School Accountability, Capacity, and Resources},
 volume = {34},
 year = {2012}
}


@Article{Chawla2020PerinatalNeonatalMO,
 author = {D. Chawla and D. Chirla and S. Dalwai and A. Deorari and A. Ganatra and A. Gandhi and N. Kabra and Praveen Kumar and P. Mittal and B. Parekh and M. J. Sankar and T. Singhal and S. Sivanandan and P. Tank and Federation of Obstetric and Gynaecological Societies of India and National Neonatology Forum of India and Indian Academy of Pediatrics},
 booktitle = {Indian Pediatrics},
 journal = {Indian Pediatrics},
 pages = {536 - 548},
 title = {Perinatal-Neonatal Management of COVID-19 Infection  Guidelines of the Federation of Obstetric and Gynaecological Societies of India (FOGSI), National Neonatology Forum of India (NNF), and Indian Academy of Pediatrics (IAP)},
 volume = {57},
 year = {2020}
}


@Article{Eudy-Byrne2021PharmacometricDO,
 author = {Rena J Eudy-Byrne and Nicole R. Zane and S. Adeniyi-Jones and M. Gastonguay and A. Ruiz-Garcia and G. Kaushal and W. Kraft},
 booktitle = {Clinical and Translational Science},
 journal = {Clinical and Translational Science},
 pages = {2171 - 2183},
 title = {Pharmacometric dose optimization of buprenorphine in neonatal opioid withdrawal syndrome},
 volume = {14},
 year = {2021}
}


@Article{Gulczyska2015PRACTICALAO,
 author = {E. Gulczyska and J. Gadzinowski},
 booktitle = {Developmental Period Medicine},
 journal = {Developmental period medicine},
 pages = {
          247-53
        },
 title = {PRACTICAL ASPECTS OF THERAPEUTIC HYPOTHERMIA IN NEONATES WITH HYPOXIC ISCHEMIC ENCEPHALOPATHY--QUESTIONS AND ANSWERS. PART I. PROVIDING NEWBORN CARE BEFORE AND DURING TRANSFER TO THE REFERENCE CENTER.},
 volume = {19 3 Pt 1},
 year = {2015}
}


@Article{Eichacker2007SeparatingPG,
 author = {P. Eichacker and C. Natanson and R. Danner},
 booktitle = {Critical Care Medicine},
 journal = {Critical care medicine},
 pages = {
          2877-8; author reply 2878-80
        },
 title = {Separating practice guidelines from pharmaceutical marketing.},
 volume = {35 12},
 year = {2007}
}


@Article{Katsagoni2018ImprovementsIC,
 author = {C. Katsagoni and G. Papatheodoridis and P. Ioannidou and M. Deutsch and A. Alexopoulou and N. Papadopoulos and M. Papageorgiou and E. Fragopoulou and M. Kontogianni},
 booktitle = {British Journal of Nutrition},
 journal = {British Journal of Nutrition},
 pages = {164 - 175},
 title = {Improvements in clinical characteristics of patients with non-alcoholic fatty liver disease, after an intervention based on the Mediterranean lifestyle: a randomised controlled clinical trial},
 volume = {120},
 year = {2018}
}
