@Article{Kollef1994EndotrachealTM,
 author = {M. Kollef and Edward J. Legare and M. Damiano},
 booktitle = {Southern medical journal (Birmingham, Ala. Print)},
 journal = {Southern Medical Journal},
 pages = {248-254},
 title = {Endotracheal Tube Misplacement: Incidence, Risk Factors, and Impact of a Quality Improvement Program},
 volume = {87},
 year = {1994}
}


@Article{Friedmann2007MisplacementOP,
 author = {R. Friedmann and H. Feldman and M. Sonnenblick},
 booktitle = {JPEN - Journal of Parenteral and Enteral Nutrition},
 journal = {JPEN. Journal of parenteral and enteral nutrition},
 pages = {
          469-76
        },
 title = {Misplacement of percutaneously inserted gastrostomy tube into the colon: report of 6 cases and review of the literature.},
 volume = {31 6},
 year = {2007}
}


@Article{Alkema2014ChildME,
 author = {L. Alkema and J. New and Jon Pedersen and D. You},
 booktitle = {PLoS ONE},
 journal = {PLoS ONE},
 title = {Child Mortality Estimation 2013: An Overview of Updates in Estimation Methods by the United Nations Inter-Agency Group for Child Mortality Estimation},
 volume = {9},
 year = {2014}
}


@Article{Shang2019DemocratizingDS,
 author = {Zeyuan Shang and Emanuel Zgraggen and Benedetto Buratti and Ferdinand Kossmann and P. Eichmann and Yeounoh Chung and Carsten Binnig and E. Upfal and Tim Kraska},
 booktitle = {SIGMOD Conference},
 journal = {Proceedings of the 2019 International Conference on Management of Data},
 title = {Democratizing Data Science through Interactive Curation of ML Pipelines},
 year = {2019}
}


@Article{Johnson2023MIMICIVAF,
 author = {Alistair E. W. Johnson and Lucas Bulgarelli and Lu Shen and Alvin Gayles and Ayad Shammout and S. Horng and T. Pollard and Benjamin Moody and Brian Gow and Li-wei H. Lehman and L. Celi and R. Mark},
 booktitle = {Scientific Data},
 journal = {Scientific Data},
 title = {MIMIC-IV, a freely accessible electronic health record dataset},
 volume = {10},
 year = {2023}
}


@Article{Dunn2020BenchmarkingMP,
 author = {Alex Dunn and Qi Wang and A. Ganose and Daniel Dopp and Anubhav Jain},
 booktitle = {npj Computational Materials},
 journal = {npj Computational Materials},
 pages = {1-10},
 title = {Benchmarking materials property prediction methods: the Matbench test set and Automatminer reference algorithm},
 volume = {6},
 year = {2020}
}


@Article{Pengas2009ComparativeRO,
 author = {G. Pengas and J. M. Pereira and Guy B. Williams and P. Nestor},
 booktitle = {Journal of Neuroimaging},
 journal = {Journal of Neuroimaging},
 title = {Comparative Reliability of Total Intracranial Volume Estimation Methods and the Influence of Atrophy in a Longitudinal Semantic Dementia Cohort},
 volume = {19},
 year = {2009}
}


@Article{Shi2020TheEO,
 author = {Dexin Shi and Albert Maydeu-Olivares},
 booktitle = {Educational and Psychological Measurement},
 journal = {Educational and Psychological Measurement},
 pages = {421 - 445},
 title = {The Effect of Estimation Methods on SEM Fit Indices},
 volume = {80},
 year = {2020}
}


@Article{Kerrey2009APC,
 author = {B. Kerrey and G. Geis and A. Quinn and R. Hornung and R. Ruddy},
 booktitle = {Pediatrics},
 journal = {Pediatrics},
 pages = {e1039 - e1044},
 title = {A Prospective Comparison of Diaphragmatic Ultrasound and Chest Radiography to Determine Endotracheal Tube Position in a Pediatric Emergency Department},
 volume = {123},
 year = {2009}
}


@Article{Voglis2020FeasibilityOM,
 author = {Stefanos Voglis and C. V. van Niftrik and V. Staartjes and G. Brandi and O. Tschopp and L. Regli and C. Serra},
 booktitle = {Pituitary},
 journal = {Pituitary},
 pages = {1-9},
 title = {Feasibility of machine learning based predictive modelling of postoperative hyponatremia after pituitary surgery},
 year = {2020}
}


@Article{Rau2018MortalityPI,
 author = {C. Rau and PaoJen Kuo and P. Chien and Chun-Ying Huang and Hsiao-yun Hsieh and C. Hsieh},
 booktitle = {PLoS ONE},
 journal = {PLoS ONE},
 title = {Mortality prediction in patients with isolated moderate and severe traumatic brain injury using machine learning models},
 volume = {13},
 year = {2018}
}


@Article{Fan1999EFFECTSOS,
 author = {Xitao Fan and B. Thompson and Lin Wang},
 journal = {Structural Equation Modeling},
 pages = {56-83},
 title = {EFFECTS OF SAMPLE SIZE, ESTIMATION METHODS, AND MODEL SPECIFICATION ON STRUCTURAL EQUATION MODELING FIT INDEXES},
 volume = {6},
 year = {1999}
}


@Article{Stevens2020RecommendationsFR,
 author = {Laura M. Stevens and B. Mortazavi and R. Deo and L. Curtis and D. Kao},
 booktitle = {Circulation. Cardiovascular Quality and Outcomes},
 journal = {Circulation: Cardiovascular Quality and Outcomes},
 pages = {e006556},
 title = {Recommendations for Reporting Machine Learning Analyses in Clinical Research},
 volume = {13},
 year = {2020}
}


@Article{Kwong2021PosteriorUV,
 author = {J. Kwong and A. Khondker and J. Kim and M. Chua and D. Keefe and J. Dos Santos and M. Skreta and L. Erdman and N. DSouza and A. Selman and J. Weaver and D. Weiss and C. Long and G. Tasian and C. W. Teoh and M. Rickard and A. Lorenzo},
 booktitle = {Pediatric nephrology (Berlin, West)},
 journal = {Pediatric Nephrology},
 pages = {1067 - 1074},
 title = {Posterior Urethral Valves Outcomes Prediction (PUVOP): a machine learning tool to predict clinically relevant outcomes in boys with posterior urethral valves},
 volume = {37},
 year = {2021}
}
