@Article{Myers2020ImpactOT,
 author = {Patrick J Myers and Arika G. Gupta},
 booktitle = {Hospital Pediatrics},
 journal = {Hospital pediatrics},
 title = {Impact of the Revised NRP Meconium Aspiration Guidelines on Term Infant Outcomes.},
 year = {2020}
}


@Article{Pados2020SystematicRO,
 author = {B. Pados and F. Hess},
 booktitle = {Advances in Neonatal Care},
 journal = {Advances in Neonatal Care},
 pages = {48 - 58},
 title = {Systematic Review of the Effects of Skin-to-Skin Care on Short-Term Physiologic Stress Outcomes in Preterm Infants in the Neonatal Intensive Care Unit},
 volume = {20},
 year = {2020}
}


@Article{Gidaganti2018EffectOG,
 author = {Shrishail Gidaganti and M. Faridi and M. Narang and P. Batra},
 booktitle = {Indian Pediatrics},
 journal = {Indian Pediatrics},
 pages = {206-210},
 title = {Effect of Gastric Lavage on Meconium Aspiration Syndrome and Feed Intolerance in Vigorous Infants Born with Meconium Stained Amniotic Fluid  A Randomized Control Trial},
 volume = {55},
 year = {2018}
}


@Article{Li2016ConfirmatoryFA,
 author = {Cheng-Hsien Li},
 booktitle = {Behavior Research Methods},
 journal = {Behavior Research Methods},
 pages = {936-949},
 title = {Confirmatory factor analysis with ordinal data: Comparing robust maximum likelihood and diagonally weighted least squares},
 volume = {48},
 year = {2016}
}


@Article{Wiswell2000DeliveryRM,
 author = {T. Wiswell and C. Gannon and J. Jacob and L. Goldsmith and E. Szyld and K. Weiss and D. Schutzman and G. Cleary and P. Filipov and I. Kurlat and C. L. Caballero and S. Abassi and Daniel Sprague and C. Oltorf and M. Padula},
 booktitle = {Pediatrics},
 journal = {Pediatrics},
 pages = {1 - 7},
 title = {Delivery Room Management of the Apparently Vigorous Meconium-stained Neonate: Results of the Multicenter, International Collaborative Trial},
 volume = {105},
 year = {2000}
}


@Article{Carbine2000VideoRA,
 author = {Douglas N. Carbine and N. Finer and E. Knodel and W. Rich},
 booktitle = {Pediatrics},
 journal = {Pediatrics},
 pages = {654 - 658},
 title = {Video Recording as a Means of Evaluating Neonatal Resuscitation Performance},
 volume = {106},
 year = {2000}
}


@Article{Bhutani2008DevelopingAS,
 author = {V. Bhutani},
 booktitle = {Journal of Perinatology},
 journal = {Journal of Perinatology},
 pages = {S30-S35},
 title = {Developing a systems approach to prevent meconium aspiration syndrome: lessons learned from multinational studies},
 volume = {28},
 year = {2008}
}


@Article{Lund2001NeonatalSC,
 author = {C. Lund and J. Osborne and J. Kuller and A. Lane and J. W. Lott and D. Raines},
 booktitle = {Journal of Obstetric, Gynecologic and Neonatal Nursing},
 journal = {Journal of obstetric, gynecologic, and neonatal nursing : JOGNN},
 pages = {
          41-51
        },
 title = {Neonatal skin care: clinical outcomes of the AWHONN/NANN evidence-based clinical practice guideline. Association of Women's Health, Obstetric and Neonatal Nurses and the National Association of Neonatal Nurses.},
 volume = {30 1},
 year = {2001}
}


@Article{Mousavi2011ASR,
 author = {Sarah Mousavi and B. Levcovich and M. Mojtahedzadeh},
 booktitle = {DARU},
 journal = {DARU : Journal of Faculty of Pharmacy, Tehran University of Medical Sciences},
 pages = {312 - 321},
 title = {A systematic review on pharmacokinetic changes in critically ill patients: role of extracorporeal membrane oxygenation},
 volume = {19},
 year = {2011}
}


@Article{Ghetti2019LongitudinalSO,
 author = {C. Ghetti and ucja Bieleninik and M. Hysing and I. Kvestad and J. Assmus and R. Romeo and M. Ettenberger and S. Arnon and B. Vederhus and Tora Sderstrm Gaden and C. Gold},
 booktitle = {BMJ Open},
 journal = {BMJ Open},
 title = {Longitudinal Study of music Therapys Effectiveness for Premature infants and their caregivers (LongSTEP): protocol for an international randomised trial},
 volume = {9},
 year = {2019}
}
