@Article{Luo2022DevelopmentAV,
 author = {Xiao Luo and Ping Yan and S. Duan and Yi-Xin Kang and Ying-Hao Deng and Qian Liu and Ting Wu and Xi Wu},
 booktitle = {Frontiers in Medicine},
 journal = {Frontiers in Medicine},
 title = {Development and Validation of Machine Learning Models for Real-Time Mortality Prediction in Critically Ill Patients With Sepsis-Associated Acute Kidney Injury},
 volume = {9},
 year = {2022}
}


@Article{Ingelse2017EarlyFO,
 author = {S. A. Ingelse and H. Wiegers and J. Calis and J. V. van Woensel and R. A. Bem},
 booktitle = {Pediatric Critical Care Medicine},
 journal = {Pediatric Critical Care Medicine},
 pages = {e106e111},
 title = {Early Fluid Overload Prolongs Mechanical Ventilation in Children With Viral-Lower Respiratory Tract Disease*},
 volume = {18},
 year = {2017}
}


@Article{Zhou2022PredictionOE,
 author = {Miao Zhou and Wen Xu and Sheng Xu and Qing-lai Zang and Qi Li and L.-N. Tan and Yong-chu Hu and Ning Ma and Jian-hai Xia and Kun Liu and Min Ye and Fei Y. Pu and Liang Chen and Lijun Song and Yang Liu and Lai Jiang and Lin Gu and Zui Zou},
 booktitle = {Frontiers in Pediatrics},
 journal = {Frontiers in Pediatrics},
 title = {Prediction of endotracheal tube size in pediatric patients: Development and validation of machine learning models},
 volume = {10},
 year = {2022}
}


@Article{Meng2016LithiumPB,
 author = {Jinhao Meng and Guangzhao Luo and Fei Gao},
 booktitle = {IEEE transactions on power electronics},
 journal = {IEEE Transactions on Power Electronics},
 pages = {2226-2238},
 title = {Lithium Polymer Battery State-of-Charge Estimation Based on Adaptive Unscented Kalman Filter and Support Vector Machine},
 volume = {31},
 year = {2016}
}


@Article{Yac2022EducationalDM,
 author = {M. Yac},
 booktitle = {Smart Learning Environments},
 journal = {Smart Learning Environments},
 title = {Educational data mining: prediction of students' academic performance using machine learning algorithms},
 volume = {9},
 year = {2022}
}


@Article{Flori2011PositiveFB,
 author = {H. Flori and G. Church and Kathleen D. Liu and G. Gildengorin and M. Matthay},
 booktitle = {Critical Care Research and Practice},
 journal = {Critical Care Research and Practice},
 title = {Positive Fluid Balance Is Associated with Higher Mortality and Prolonged Mechanical Ventilation in Pediatric Patients with Acute Lung Injury},
 volume = {2011},
 year = {2011}
}


@Article{Li2021ACS,
 author = {Wei Li and Yuanbo Chai and Fazlullah Khan and Syed Roohullah Jan and Sahil Verma and Varun G. Menon and Kavita and Xingwang Li},
 booktitle = {Journal on spesial topics in mobile networks and applications},
 journal = {Mobile Networks and Applications},
 pages = {234 - 252},
 title = {A Comprehensive Survey on Machine Learning-Based Big Data Analytics for IoT-Enabled Smart Healthcare System},
 volume = {26},
 year = {2021}
}


@Article{Bendavid2022ANM,
 author = {I. Bendavid and Liran Statlender and L. Shvartser and Shmuel Teppler and Roy Azullay and Rotem Sapir and P. Singer},
 booktitle = {Scientific Reports},
 journal = {Scientific Reports},
 title = {A novel machine learning model to predict respiratory failure and invasive mechanical ventilation in critically ill patients suffering from COVID-19},
 volume = {12},
 year = {2022}
}


@Article{Rudin2018StopEB,
 author = {C. Rudin},
 booktitle = {Nature Machine Intelligence},
 journal = {Nature Machine Intelligence},
 pages = {206 - 215},
 title = {Stop explaining black box machine learning models for high stakes decisions and use interpretable models instead},
 volume = {1},
 year = {2018}
}


@Article{Park2021DevelopmentOM,
 author = {D. Park and Minseok Park and Homin Lee and Young-Jin Kim and Yoon-Ji Kim and Young Hoon Park},
 booktitle = {Scientific Reports},
 journal = {Scientific Reports},
 title = {Development of machine learning model for diagnostic disease prediction based on laboratory tests},
 volume = {11},
 year = {2021}
}
