@Article{Ingelse2017EarlyFO,
 author = {S. A. Ingelse and H. Wiegers and J. Calis and J. V. van Woensel and R. A. Bem},
 booktitle = {Pediatric Critical Care Medicine},
 journal = {Pediatric Critical Care Medicine},
 pages = {e106e111},
 title = {Early Fluid Overload Prolongs Mechanical Ventilation in Children With Viral-Lower Respiratory Tract Disease*},
 volume = {18},
 year = {2017}
}


@Article{Baumeister1997EvaluationOP,
 author = {B. Baumeister and M. El-Khatib and Paul G. Smith and J. Blumer},
 booktitle = {Pediatric Pulmonology},
 journal = {Pediatric Pulmonology},
 title = {Evaluation of predictors of weaning from mechanical ventilation in pediatric patients},
 volume = {24},
 year = {1997}
}


@Article{Cheng2016RiskPW,
 author = {Yu Cheng and Fei Wang and Ping Zhang and Jianying Hu},
 booktitle = {SDM},
 pages = {432-440},
 title = {Risk Prediction with Electronic Health Records: A Deep Learning Approach},
 year = {2016}
}


@Article{Kerrey2009APC,
 author = {B. Kerrey and G. Geis and A. Quinn and R. Hornung and R. Ruddy},
 booktitle = {Pediatrics},
 journal = {Pediatrics},
 pages = {e1039 - e1044},
 title = {A Prospective Comparison of Diaphragmatic Ultrasound and Chest Radiography to Determine Endotracheal Tube Position in a Pediatric Emergency Department},
 volume = {123},
 year = {2009}
}


@Article{Arnold1994ProspectiveRC,
 author = {J. Arnold and J. Hanson and Luis O. ToroFiguero and J. Gutirrez and R. Berens and D. Anglin},
 booktitle = {Critical Care Medicine},
 journal = {Critical Care Medicine},
 pages = {15301539},
 title = {Prospective, randomized comparison of highfrequency oscillatory ventilation and conventional mechanical ventilation in pediatric respiratory failure},
 volume = {22},
 year = {1994}
}


@Article{Christian2020UseAO,
 author = {Claire Christian and N. Thompson and Martin K Wakeham},
 booktitle = {Pediatric Critical Care Medicine},
 journal = {Pediatric Critical Care Medicine},
 pages = {620 - 624},
 title = {Use and Outcomes of Nasotracheal Intubation Among Patients Requiring Mechanical Ventilation Across U.S. PICUs*},
 volume = {21},
 year = {2020}
}


@Article{Rajkomar2018ScalableAA,
 author = {A. Rajkomar and Eyal Oren and Kai Chen and Andrew M. Dai and Nissan Hajaj and Michaela Hardt and Peter J. Liu and Xiaobing Liu and J. Marcus and Mimi Sun and Patrik Sundberg and H. Yee and Kun Zhang and Yi Zhang and Gerardo Flores and Gavin E Duggan and Jamie Irvine and Quoc V. Le and Kurt Litsch and Alexander Mossin and Justin Tansuwan and De Wang and James Wexler and Jimbo Wilson and Dana Ludwig and S. Volchenboum and Katherine Chou and Michael Pearson and Srinivasan Madabushi and N. Shah and A. Butte and M. Howell and Claire Cui and Greg S. Corrado and Jeffrey Dean},
 booktitle = {npj Digital Medicine},
 journal = {NPJ Digital Medicine},
 title = {Scalable and accurate deep learning with electronic health records},
 volume = {1},
 year = {2018}
}


@Article{Wolfler2011DailyPO,
 author = {A. Wolfler and Edoardo Calderoni and G. Ottonello and G. Conti and S. Baroncini and P. Santuz and P. Vitale and I. Salvo},
 booktitle = {Pediatric Critical Care Medicine},
 journal = {Pediatric Critical Care Medicine},
 pages = {141-146},
 title = {Daily practice of mechanical ventilation in Italian pediatric intensive care units: A prospective survey*},
 volume = {12},
 year = {2011}
}


@Article{Traiber2009ProfileAC,
 author = {C. Traiber and J. Piva and C. C. Fritsher and P. Garcia and P. Lago and E. A. Trotta and C. Ricachinevsky and F. Bueno and V. Baecker and Bianca D Lisboa},
 booktitle = {Pediatric Critical Care Medicine},
 journal = {Pediatric Critical Care Medicine},
 pages = {375-380},
 title = {Profile and consequences of children requiring prolonged mechanical ventilation in three Brazilian pediatric intensive care units},
 volume = {10},
 year = {2009}
}


@Article{Lin2016BedsideUF,
 author = {Margaret J. Lin and Kiersten L. Gurley and B. Hoffmann},
 booktitle = {Pediatric Critical Care Medicine},
 journal = {Pediatric Critical Care Medicine},
 pages = {e469e476},
 title = {Bedside Ultrasound for Tracheal Tube Verification in Pediatric Emergency Department and ICU Patients: A Systematic Review*},
 volume = {17},
 year = {2016}
}


@Article{Crowson2021MachineLF,
 author = {Matthew G. Crowson and C. Hartnick and Gillian R Diercks and T. Gallagher and M. Fracchia and J. Setlur and Michael S. Cohen},
 booktitle = {Pediatrics},
 journal = {Pediatrics},
 title = {Machine Learning for Accurate Intraoperative Pediatric Middle Ear Effusion Diagnosis},
 volume = {147},
 year = {2021}
}
