@Article{Ingelse2017EarlyFO,
 author = {S. A. Ingelse and H. Wiegers and J. Calis and J. V. van Woensel and R. A. Bem},
 booktitle = {Pediatric Critical Care Medicine},
 journal = {Pediatric Critical Care Medicine},
 pages = {e106e111},
 title = {Early Fluid Overload Prolongs Mechanical Ventilation in Children With Viral-Lower Respiratory Tract Disease*},
 volume = {18},
 year = {2017}
}


@Article{Rost2022TrachealTM,
 author = {Franziska Rost and B. Donaubauer and H. Kirsten and T. Schwarz and P. Zimmermann and M. Siekmeyer and Daniel Grfe and Sebastian Ebel and C. Kleber and M. Lacher and M. Struck},
 booktitle = {Children},
 journal = {Children},
 title = {Tracheal Tube Misplacement after Emergency Intubation in Pediatric Trauma Patients: A Retrospective, Exploratory Study},
 volume = {9},
 year = {2022}
}


@Article{Zhou2022PredictionOE,
 author = {Miao Zhou and Wen Xu and Sheng Xu and Qing-lai Zang and Qi Li and L.-N. Tan and Yong-chu Hu and Ning Ma and Jian-hai Xia and Kun Liu and Min Ye and Fei Y. Pu and Liang Chen and Lijun Song and Yang Liu and Lai Jiang and Lin Gu and Zui Zou},
 booktitle = {Frontiers in Pediatrics},
 journal = {Frontiers in Pediatrics},
 title = {Prediction of endotracheal tube size in pediatric patients: Development and validation of machine learning models},
 volume = {10},
 year = {2022}
}


@Article{Lin2016BedsideUF,
 author = {Margaret J. Lin and Kiersten L. Gurley and B. Hoffmann},
 booktitle = {Pediatric Critical Care Medicine},
 journal = {Pediatric Critical Care Medicine},
 pages = {e469e476},
 title = {Bedside Ultrasound for Tracheal Tube Verification in Pediatric Emergency Department and ICU Patients: A Systematic Review*},
 volume = {17},
 year = {2016}
}


@Article{Kollef1994EndotrachealTM,
 author = {M. Kollef and Edward J. Legare and M. Damiano},
 booktitle = {Southern medical journal (Birmingham, Ala. Print)},
 journal = {Southern Medical Journal},
 pages = {248-254},
 title = {Endotracheal Tube Misplacement: Incidence, Risk Factors, and Impact of a Quality Improvement Program},
 volume = {87},
 year = {1994}
}


@Article{Dunn2020BenchmarkingMP,
 author = {Alex Dunn and Qi Wang and A. Ganose and Daniel Dopp and Anubhav Jain},
 booktitle = {npj Computational Materials},
 journal = {npj Computational Materials},
 pages = {1-10},
 title = {Benchmarking materials property prediction methods: the Matbench test set and Automatminer reference algorithm},
 volume = {6},
 year = {2020}
}


@Article{Newth2017VariabilityIU,
 author = {C. Newth and K. Sward and R. Khemani and K. Page and K. Meert and J. Carcillo and T. Shanley and F. Moler and M. Pollack and H. Dalton and D. Wessel and J. Berger and R. Berg and R. Harrison and R. Holubkov and A. Doctor and J. Dean and Tammara L. Jenkins and Carol E. Nicholson},
 booktitle = {Pediatric Critical Care Medicine},
 journal = {Pediatric Critical Care Medicine},
 pages = {e521e529},
 title = {Variability in Usual Care Mechanical Ventilation for Pediatric Acute Respiratory Distress Syndrome: Time for a Decision Support Protocol?*},
 volume = {18},
 year = {2017}
}


@Article{Shibasaki2010PredictionOP,
 author = {M. Shibasaki and Y. Nakajima and S. Ishii and Fumihiro Shimizu and N. Shime and D. Sessler},
 booktitle = {Anesthesiology},
 journal = {Anesthesiology},
 pages = {819-824},
 title = {Prediction of Pediatric Endotracheal Tube Size by Ultrasonography},
 volume = {113},
 year = {2010}
}


@Inproceedings{Tsoulfanidis1983MeasurementAD,
 author = {N. Tsoulfanidis and S. Landsberger},
 title = {Measurement and detection of radiation},
 year = {1983}
}


@Article{Phipps2005ProspectiveAO,
 author = {L. M. Phipps and N. Thomas and Raymond K Gilmore and J. Raymond and Toni R Bittner and R. Orr and C. Robertson},
 booktitle = {Pediatric Critical Care Medicine},
 journal = {Pediatric Critical Care Medicine},
 pages = {519-522},
 title = {Prospective assessment of guidelines for determining appropriate depth of endotracheal tube placement in children*},
 volume = {6},
 year = {2005}
}


@Article{Yoo2021DeepLF,
 author = {J. Yoo and S. Kang and Jong Sun Park and Y. Cho and S. Park and H. Yoon and Sang Jun Park and H. Jeong and Tackeun Kim},
 booktitle = {Scientific Reports},
 journal = {Scientific Reports},
 title = {Deep learning for anatomical interpretation of video bronchoscopy images},
 volume = {11},
 year = {2021}
}


@Article{Cook2005ThePL,
 author = {T. Cook and Gene W Lee and J. Nolan},
 booktitle = {Canadian Journal of Anaesthesia-journal Canadien D Anesthesie},
 journal = {Canadian journal of anaesthesia = Journal canadien d'anesthesie},
 pages = {
          739-60
        },
 title = {The ProSeal laryngeal mask airway: a review of the literature.},
 volume = {52 7},
 year = {2005}
}
