@Article{Ingelse2017EarlyFO,
 author = {S. A. Ingelse and H. Wiegers and J. Calis and J. V. van Woensel and R. A. Bem},
 booktitle = {Pediatric Critical Care Medicine},
 journal = {Pediatric Critical Care Medicine},
 pages = {e106e111},
 title = {Early Fluid Overload Prolongs Mechanical Ventilation in Children With Viral-Lower Respiratory Tract Disease*},
 volume = {18},
 year = {2017}
}


@Article{Xia2022DevelopmentAV,
 author = {Ming Xia and Chenyu Jin and Shuang Cao and Bei Pei and Jie Wang and Tianyi Xu and Hong Jiang},
 booktitle = {Annals of Translational Medicine},
 journal = {Annals of Translational Medicine},
 title = {Development and validation of a machine-learning model for prediction of hypoxemia after extubation in intensive care units},
 volume = {10},
 year = {2022}
}


@Article{Gupta2015RelationshipOE,
 author = {P. Gupta and M. Robertson and B. Beam and J. Gossett and M. Schmitz and C. Carroll and J. Edwards and J. Fortenberry and W. Butt},
 booktitle = {Minerva Anestesiologica},
 journal = {Minerva anestesiologica},
 pages = {
          619-27
        },
 title = {Relationship of ECMO duration with outcomes after pediatric cardiac surgery: a multi-institutional analysis.},
 volume = {81 6},
 year = {2015}
}


@Article{Kollef1994EndotrachealTM,
 author = {M. Kollef and Edward J. Legare and M. Damiano},
 booktitle = {Southern medical journal (Birmingham, Ala. Print)},
 journal = {Southern Medical Journal},
 pages = {248-254},
 title = {Endotracheal Tube Misplacement: Incidence, Risk Factors, and Impact of a Quality Improvement Program},
 volume = {87},
 year = {1994}
}


@Article{Mariano2005ACO,
 author = {E. Mariano and C. Ramamoorthy and L. Chu and Michael I. Chen and G. Hammer},
 booktitle = {Paediatric anaesthesia},
 journal = {Pediatric Anesthesia},
 title = {A comparison of three methods for estimating appropriate tracheal tube depth in children},
 volume = {15},
 year = {2005}
}


@Article{Kerrey2009APC,
 author = {B. Kerrey and G. Geis and A. Quinn and R. Hornung and R. Ruddy},
 booktitle = {Pediatrics},
 journal = {Pediatrics},
 pages = {e1039 - e1044},
 title = {A Prospective Comparison of Diaphragmatic Ultrasound and Chest Radiography to Determine Endotracheal Tube Position in a Pediatric Emergency Department},
 volume = {123},
 year = {2009}
}


@Article{Rajajee2011RealtimeUP,
 author = {V. Rajajee and J. Fletcher and L. Rochlen and T. Jacobs},
 booktitle = {Critical Care},
 journal = {Critical Care},
 pages = {R67 - R67},
 title = {Real-time ultrasound-guided percutaneous dilatational tracheostomy: a feasibility study},
 volume = {15},
 year = {2011}
}


@Article{Cook2005ThePL,
 author = {T. Cook and Gene W Lee and J. Nolan},
 booktitle = {Canadian Journal of Anaesthesia-journal Canadien D Anesthesie},
 journal = {Canadian journal of anaesthesia = Journal canadien d'anesthesie},
 pages = {
          739-60
        },
 title = {The ProSeal laryngeal mask airway: a review of the literature.},
 volume = {52 7},
 year = {2005}
}


@Article{Weiss2005AppropriatePO,
 author = {M. Weiss and A. Gerber and A. Dullenkopf},
 booktitle = {British Journal of Anaesthesia},
 journal = {British journal of anaesthesia},
 pages = {
          80-7
        },
 title = {Appropriate placement of intubation depth marks in a new cuffed paediatric tracheal tube.},
 volume = {94 1},
 year = {2005}
}
