@Article{Mariano2005ACO,
 author = {E. Mariano and C. Ramamoorthy and L. Chu and Michael I. Chen and G. Hammer},
 booktitle = {Paediatric anaesthesia},
 journal = {Pediatric Anesthesia},
 title = {A comparison of three methods for estimating appropriate tracheal tube depth in children},
 volume = {15},
 year = {2005}
}


@Article{Weiss2005AppropriatePO,
 author = {M. Weiss and A. Gerber and A. Dullenkopf},
 booktitle = {British Journal of Anaesthesia},
 journal = {British journal of anaesthesia},
 pages = {
          80-7
        },
 title = {Appropriate placement of intubation depth marks in a new cuffed paediatric tracheal tube.},
 volume = {94 1},
 year = {2005}
}


@Article{Kerrey2009APC,
 author = {B. Kerrey and G. Geis and A. Quinn and R. Hornung and R. Ruddy},
 booktitle = {Pediatrics},
 journal = {Pediatrics},
 pages = {e1039 - e1044},
 title = {A Prospective Comparison of Diaphragmatic Ultrasound and Chest Radiography to Determine Endotracheal Tube Position in a Pediatric Emergency Department},
 volume = {123},
 year = {2009}
}


@Article{Weiss2006ClinicalEO,
 author = {M. Weiss and A. Dullenkopf and S. Bttcher and A. Schmitz and K. Stutz and C. Gysin and A. Gerber},
 booktitle = {British Journal of Anaesthesia},
 journal = {British journal of anaesthesia},
 pages = {
          695-700
        },
 title = {Clinical evaluation of cuff and tube tip position in a newly designed paediatric preformed oral cuffed tracheal tube.},
 volume = {97 5},
 year = {2006}
}


@Article{OBoyle2014DevelopmentOL,
 author = {Andrea L. OBoyle and R. Mink and N. Anas and T. Kallay},
 booktitle = {Pediatric Critical Care Medicine},
 journal = {Pediatric Critical Care Medicine},
 pages = {594599},
 title = {Development of Learning Objectives and a Validated Testing Tool for Management of Pediatric Mechanical Ventilation*},
 volume = {15},
 year = {2014}
}


@Article{Kuzin2007FamilyMemberPD,
 author = {Julia K. Kuzin and Jennifer G. Yborra and Michael D. Taylor and A. Chang and C. Altman and Gina M Whitney and A. Mott},
 booktitle = {Pediatrics},
 journal = {Pediatrics},
 pages = {e895 - e901},
 title = {Family-Member Presence During Interventions in the Intensive Care Unit: Perceptions of Pediatric Cardiac Intensive Care Providers},
 volume = {120},
 year = {2007}
}


@Article{Narula2018EnteralNT,
 author = {N. Narula and A. Dhillon and Dongni Zhang and M. Sherlock and M. Tondeur and M. Zachos},
 booktitle = {Cochrane Database of Systematic Reviews},
 journal = {The Cochrane database of systematic reviews},
 pages = {
          CD000542
        },
 title = {Enteral nutritional therapy for induction of remission in Crohn's disease.},
 volume = {4},
 year = {2018}
}


@Article{Thomas2017ReliabilityOU,
 author = {V. Thomas and Cherish Paul and P. Rajeev and B. Palatty},
 booktitle = {Indian Journal of Critical Care Medicine},
 journal = {Indian Journal of Critical Care Medicine : Peer-reviewed, Official Publication of Indian Society of Critical Care Medicine},
 pages = {257 - 261},
 title = {Reliability of Ultrasonography in Confirming Endotracheal Tube Placement in an Emergency Setting},
 volume = {21},
 year = {2017}
}


@Article{Ednick2008PostoperativeRO,
 author = {M. Ednick and B. Wong and T. Inge and M. Knue and M. Kalra},
 booktitle = {Journal of Pediatric Neurology online},
 journal = {Journal of Pediatric Neurology},
 pages = {249 - 252},
 title = {Post-operative respiratory outcomes using a standard extubation protocol after elective gastrostomy tube placement in pediatric patients with spinal muscular atrophy type 1},
 volume = {06},
 year = {2008}
}


@Article{Dalens1989ComparisonOT,
 author = {B. Dalens and G. Vanneuville and A. Tanguy},
 booktitle = {Anesthesia and Analgesia},
 journal = {Anesthesia \& Analgesia},
 pages = {705713},
 title = {Comparison of the Fascia Iliaca Compartment Block with the 3in1 Block in Children},
 volume = {69},
 year = {1989}
}


@Article{Loundon2010MedicalAS,
 author = {N. Loundon and M. Blanchard and G. Roger and F. Denoyelle and E. Garabdian},
 booktitle = {Archives of Otolaryngology - Head and Neck Surgery},
 journal = {Archives of otolaryngology--head \& neck surgery},
 pages = {
          12-5
        },
 title = {Medical and surgical complications in pediatric cochlear implantation.},
 volume = {136 1},
 year = {2010}
}


@Article{Sher2022PilotSO,
 author = {D. Sher and Sepeadeh Radpour and J. Shah and Nhat-Long Pham and Steve Jiang and D. Vo and B. Sumer and A. Day},
 booktitle = {JCO Clinical Cancer Informatics},
 journal = {JCO Clinical Cancer Informatics},
 title = {Pilot Study of a Wearable Activity Monitor During Head and Neck Radiotherapy to Predict Clinical Outcomes},
 volume = {6},
 year = {2022}
}


@Article{Wu2013RealtimeTU,
 author = {Shao-yong Wu and Quan Ling and Longhui Cao and Jian Wang and Mei-xi Xu and Wei-an Zeng},
 booktitle = {Anesthesiology},
 journal = {Anesthesiology},
 pages = {361375},
 title = {Real-time Two-dimensional Ultrasound Guidance for Central Venous Cannulation: A Meta-analysis},
 volume = {118},
 year = {2013}
}


@Article{Fleming2019ClinicalAS,
 author = {C. Fleming and M. Ismail and R. Kavanagh and H. Heneghan and R. Prichard and J. Geoghegan and D. Brophy and E. McDermott},
 booktitle = {Journal of Gastrointestinal Surgery},
 journal = {Journal of Gastrointestinal Surgery},
 pages = {627-632},
 title = {Clinical and Survival Outcomes Using Percutaneous Cholecystostomy Tube Alone or Subsequent Interval Cholecystectomy to Treat Acute Cholecystitis},
 volume = {24},
 year = {2019}
}


@Article{Lauguico2020ACA,
 author = {Sandy C. Lauguico and Ronnie S. Concepcion and Jonnel D. Alejandrino and Rogelio Ruzcko Tobias and Dailyne D. Macasaet and E. Dadios},
 booktitle = {International Journal of Environmental Science and Development},
 journal = {International Journal of Environmental Science and Development},
 title = {A Comparative Analysis of Machine Learning Algorithms Modeled from Machine Vision-Based Lettuce Growth Stage Classification in Smart Aquaponics},
 year = {2020}
}


@Article{Elfadil2022SafetyAE,
 author = {O. Mohamed Elfadil and Forrest B Linch and Sara L Seegmiller and R. Hurt and M. Mundi and Melissa Neisen},
 booktitle = {JPEN - Journal of Parenteral and Enteral Nutrition},
 journal = {JPEN. Journal of parenteral and enteral nutrition},
 title = {Safety and effectiveness of radiologic and endoscopic percutaneous gastrostomy placement: A randomized study.},
 year = {2022}
}
